timestamp,symbol,side,size,price,tickDirection,trdMatchID,grossValue,homeNotional,foreignNotional,RPI
1763251200.117,BTCUSDT,Buy,0.017,95559.10,ZeroPlusTick,f92296cf-66aa-5ef7-b58d-7f3f13db974d,1.6245047000000003e+11,0.017,1624.5047000000002,0
1763251200.3252,BTCUSDT,Sell,0.009,95559.00,MinusTick,07209574-4501-5c0f-b4fa-5fca287f0efc,8.60031e+10,0.009,860.031,0
1763251200.4488,BTCUSDT,Buy,0.001,95559.10,PlusTick,b2ac7a04-05ea-5105-ad24-1d1702b56f70,9.55591e+09,0.001,95.5591,0
1763251200.5506,BTCUSDT,Buy,0.233,95559.10,ZeroPlusTick,ba79ca1a-f0cf-5acc-840b-9d17cfef7d6a,2.2265270300000005e+12,0.233,22265.270300000004,0
1763251200.5506,BTCUSDT,Buy,0.001,95559.10,ZeroPlusTick,4c7b7aca-496a-58c4-bd20-748ac6ec0820,9.55591e+09,0.001,95.5591,0
1763251200.5506,BTCUSDT,Buy,0.001,95559.10,ZeroPlusTick,9a63f0f7-ff02-550b-867d-d23b6a6db2ce,9.55591e+09,0.001,95.5591,0
1763251200.5506,BTCUSDT,Buy,0.265,95559.10,ZeroPlusTick,0bdb5a08-0e52-56c8-a652-a891a1c60afc,2.53231615e+12,0.265,25323.161500000002,0
1763251200.7214,BTCUSDT,Buy,0.002,95559.10,ZeroPlusTick,431be008-df81-5859-b0cd-9ec5dd8940d2,1.911182e+10,0.002,191.1182,0
1763251200.7214,BTCUSDT,Buy,0.006,95559.10,ZeroPlusTick,6bfa0e4a-1583-5160-9595-b093180c72e7,5.733546e+10,0.006,573.3546,0
1763251200.7214,BTCUSDT,Buy,0.001,95559.10,ZeroPlusTick,2fbe61f5-598d-5497-9de9-edeccbe9e27f,9.55591e+09,0.001,95.5591,0
1763251200.7214,BTCUSDT,Buy,0.003,95559.10,ZeroPlusTick,f06b3089-293d-5f5f-803d-87daf452b044,2.866773e+10,0.003,286.6773,0
1763251200.7214,BTCUSDT,Buy,0.005,95559.10,ZeroPlusTick,5e191ebb-8821-50e1-a86a-83f9b7960e95,4.777955000000001e+10,0.005,477.79550000000006,0
1763251200.7214,BTCUSDT,Buy,0.008,95559.10,ZeroPlusTick,8cad45be-9f47-5213-afcb-0737da839a58,7.644728e+10,0.008,764.4728,0
1763251200.7214,BTCUSDT,Buy,0.001,95559.10,ZeroPlusTick,07de420a-e39c-5a85-908f-ae5aa03f7c3c,9.55591e+09,0.001,95.5591,0
1763251200.7214,BTCUSDT,Buy,0.003,95559.10,ZeroPlusTick,079d0910-4e47-5014-a5a1-6921a78d2998,2.866773e+10,0.003,286.6773,0
1763251200.7214,BTCUSDT,Buy,0.002,95559.10,ZeroPlusTick,e3acf367-d032-5ae9-8296-d44351df9ed4,1.911182e+10,0.002,191.1182,0
1763251200.7214,BTCUSDT,Buy,0.093,95559.10,ZeroPlusTick,4c028c09-abf6-5d97-ac9e-11e4e7d3099f,8.886996300000001e+11,0.093,8886.9963,0
1763251200.7261,BTCUSDT,Buy,0.001,95559.20,PlusTick,5ea03145-7ac4-56c3-a6d7-6d4c1747687f,9.55592e+09,0.001,95.5592,0
1763251200.7261,BTCUSDT,Buy,0.001,95559.20,ZeroPlusTick,6f9d6036-f80e-5197-a758-dbe063771ceb,9.55592e+09,0.001,95.5592,0
1763251200.8841,BTCUSDT,Buy,0.003,95559.30,PlusTick,c472a4ba-0631-53b1-9b5b-6c5822cf153c,2.8667790000000004e+10,0.003,286.6779,0
1763251200.8847,BTCUSDT,Buy,0.001,95559.30,ZeroPlusTick,3d98801c-01f5-5ff4-9391-a6ca3f489629,9.55593e+09,0.001,95.55930000000001,0
1763251200.8847,BTCUSDT,Buy,0.002,95559.30,ZeroPlusTick,533d64ad-cf70-57fd-8848-941643b6d7d5,1.911186e+10,0.002,191.11860000000001,0
1763251200.8859,BTCUSDT,Buy,0.002,95559.30,ZeroPlusTick,3cf736b5-82db-5a1d-8bb4-e1832ef4f9b6,1.911186e+10,0.002,191.11860000000001,0
1763251200.8859,BTCUSDT,Buy,0.004,95559.30,ZeroPlusTick,3a68964b-b7d7-5b66-b7d2-fd399111b0e2,3.822372e+10,0.004,382.23720000000003,0
1763251200.8859,BTCUSDT,Buy,0.009,95559.30,ZeroPlusTick,7db443a6-d387-5d58-a242-78e13927268c,8.600337e+10,0.009,860.0337,0
1763251200.8859,BTCUSDT,Buy,0.001,95559.30,ZeroPlusTick,0e54cfc5-2d8b-5ed2-9513-ead5bf446901,9.55593e+09,0.001,95.55930000000001,0
1763251200.8859,BTCUSDT,Buy,0.029,95559.30,ZeroPlusTick,1eafeebd-dbc9-559a-b586-76b151e89ecf,2.7712197e+11,0.029,2771.2197,0
1763251200.8859,BTCUSDT,Buy,0.002,95559.30,ZeroPlusTick,af15b4b9-d77c-5988-b23d-425bdca8c557,1.911186e+10,0.002,191.11860000000001,0
1763251200.897,BTCUSDT,Buy,0.003,95559.60,PlusTick,4904c9f7-dc55-524d-8ffc-b794b7826cef,2.8667880000000004e+10,0.003,286.6788,0
1763251200.897,BTCUSDT,Buy,0.001,95559.60,ZeroPlusTick,319e9402-691a-5a79-bce3-610621de3ae3,9.55596e+09,0.001,95.5596,0
1763251201.2645,BTCUSDT,Buy,0.001,95559.80,PlusTick,2b0790f5-378b-55d2-bf50-0271964caac5,9.555980000000002e+09,0.001,95.55980000000001,0
1763251201.2952,BTCUSDT,Sell,0.019,95559.70,MinusTick,69bb24c5-54cc-5142-843a-8e4a57146bcb,1.8156343e+11,0.019,1815.6343,0
1763251201.4057,BTCUSDT,Sell,0.002,95559.70,ZeroMinusTick,b5ad8794-f425-53eb-a5f0-bef15bdc5761,1.911194e+10,0.002,191.11939999999998,0
1763251201.5692,BTCUSDT,Buy,0.003,95559.80,PlusTick,4fe2bce1-5dae-5a55-aa23-91ee037408d6,2.866794e+10,0.003,286.6794,0
1763251201.5692,BTCUSDT,Buy,0.004,95559.80,ZeroPlusTick,236a2698-f3e3-5e4d-b1cd-ed059e06f758,3.822392000000001e+10,0.004,382.23920000000004,0
1763251201.5692,BTCUSDT,Buy,0.009,95559.80,ZeroPlusTick,8a2bcf0d-2506-5327-9214-53714052b3f4,8.600382e+10,0.009,860.0382,0
1763251201.5692,BTCUSDT,Buy,0.001,95559.80,ZeroPlusTick,9907fdc9-b522-50d4-a1ff-5ff5f672d2ee,9.555980000000002e+09,0.001,95.55980000000001,0
1763251201.5692,BTCUSDT,Buy,0.002,95559.80,ZeroPlusTick,8afee140-2c80-5315-8005-4ea6078a6e7c,1.9111960000000004e+10,0.002,191.11960000000002,0
1763251201.5692,BTCUSDT,Buy,0.002,95559.80,ZeroPlusTick,3e774902-b093-501f-bd90-a7323ae4383e,1.9111960000000004e+10,0.002,191.11960000000002,0
1763251201.5692,BTCUSDT,Buy,0.001,95559.80,ZeroPlusTick,bb582d35-9a31-5be4-b600-9f0ab2088378,9.555980000000002e+09,0.001,95.55980000000001,0
1763251201.5692,BTCUSDT,Buy,0.001,95560.00,PlusTick,8ec3dce2-6eda-5147-90ed-c3d9c1694960,9.556e+09,0.001,95.56,0
1763251201.5692,BTCUSDT,Buy,0.001,95560.00,ZeroPlusTick,8ccd7392-3046-5d72-8579-7daba55184bb,9.556e+09,0.001,95.56,0
1763251201.5692,BTCUSDT,Buy,0.038,95560.00,ZeroPlusTick,9848dcc7-41e3-5dd4-9ce2-7845d9378983,3.63128e+11,0.038,3631.2799999999997,0
1763251201.6061,BTCUSDT,Buy,0.022,95560.00,ZeroPlusTick,441bcd04-3c86-5a4f-92f7-3d0f67076e36,2.1023199999999997e+11,0.022,2102.3199999999997,0
1763251201.6103,BTCUSDT,Buy,0.04,95560.00,ZeroPlusTick,533a71b4-1f3f-5286-b553-4589fa9eb524,3.8224e+11,0.04,3822.4,0
1763251201.6103,BTCUSDT,Buy,0.001,95560.00,ZeroPlusTick,35b2d2b8-ac5d-5453-a1ff-7a2c65cbdeff,9.556e+09,0.001,95.56,0
1763251201.7076,BTCUSDT,Buy,0.003,95560.00,ZeroPlusTick,a83171da-c704-5e9b-a9cf-114ae8c8149a,2.8668e+10,0.003,286.68,0
1763251201.7076,BTCUSDT,Buy,0.001,95560.00,ZeroPlusTick,c9adcb04-cc88-5393-a3c4-836d6ba978fd,9.556e+09,0.001,95.56,0
1763251201.7097,BTCUSDT,Buy,0.084,95560.00,ZeroPlusTick,51151a4f-0720-5ca5-80ee-37ed39b0ce23,8.027040000000001e+11,0.084,8027.040000000001,0
1763251201.8868,BTCUSDT,Buy,0.004,95560.20,PlusTick,b9fd33a6-0912-59cc-94b8-36170b363999,3.822408e+10,0.004,382.2408,0
1763251201.8868,BTCUSDT,Buy,0.004,95560.20,ZeroPlusTick,f63cc6bd-2b71-55ed-990f-545c1ca1fec7,3.822408e+10,0.004,382.2408,0
1763251201.8868,BTCUSDT,Buy,0.009,95560.20,ZeroPlusTick,55aa13fc-e90e-56e3-afd5-a3d3bb5ee94d,8.600417999999998e+10,0.009,860.0417999999999,0
1763251201.8868,BTCUSDT,Buy,0.004,95560.20,ZeroPlusTick,93387483-b625-5bb4-97ad-2a620668bfbb,3.822408e+10,0.004,382.2408,0
1763251201.8868,BTCUSDT,Buy,0.002,95560.20,ZeroPlusTick,64e77804-e600-587a-9aca-dbc853534385,1.911204e+10,0.002,191.1204,0
1763251201.8868,BTCUSDT,Buy,0.001,95560.50,PlusTick,11c4643f-3e0c-5461-89eb-d1978847b86e,9.55605e+09,0.001,95.5605,0
1763251201.8868,BTCUSDT,Buy,0.002,95560.60,PlusTick,9e71ec7e-dd94-53f8-9408-18aac1345b22,1.911212e+10,0.002,191.12120000000002,0
1763251201.8871,BTCUSDT,Buy,0.001,95562.30,PlusTick,ead8539b-5dad-5c72-9764-056d87eb8305,9.55623e+09,0.001,95.56230000000001,0
1763251201.8871,BTCUSDT,Buy,0.001,95562.60,PlusTick,23c1e927-4155-5380-baf7-b6289c22da97,9.55626e+09,0.001,95.5626,0
1763251201.8871,BTCUSDT,Buy,0.003,95563.40,PlusTick,8a6eaf93-27ca-53bb-bea5-0a7f896bcdbb,2.866902e+10,0.003,286.6902,0
1763251201.8871,BTCUSDT,Buy,0.003,95563.40,ZeroPlusTick,044aa9e9-fde4-5efb-a927-e53f987e3d54,2.866902e+10,0.003,286.6902,0
1763251201.8871,BTCUSDT,Buy,0.001,95563.60,PlusTick,5c355f80-a490-5749-86d4-c49683e78da1,9.55636e+09,0.001,95.56360000000001,0
1763251201.8871,BTCUSDT,Buy,0.001,95564.70,PlusTick,51c3f514-1aa2-5a72-b939-3ff776274cf8,9.55647e+09,0.001,95.5647,0
1763251201.8871,BTCUSDT,Buy,0.001,95565.60,PlusTick,8a4d89e7-5cf5-5d61-9215-c4fa02cd04b9,9.55656e+09,0.001,95.5656,0
1763251201.8871,BTCUSDT,Buy,0.004,95565.80,PlusTick,3d69a33e-884c-5020-bbde-8ad7fd503f33,3.822632000000001e+10,0.004,382.26320000000004,0
1763251201.8871,BTCUSDT,Buy,0.004,95565.80,ZeroPlusTick,47300ec6-2059-582e-a1c8-e317bfaf4a53,3.822632000000001e+10,0.004,382.26320000000004,0
1763251201.8871,BTCUSDT,Buy,0.004,95565.80,ZeroPlusTick,bc8b1618-67cd-5961-b272-cfe94707db8b,3.822632000000001e+10,0.004,382.26320000000004,0
1763251201.8871,BTCUSDT,Buy,0.004,95565.80,ZeroPlusTick,aa02a85d-e764-5d2c-ad4f-52cc1151a83f,3.822632000000001e+10,0.004,382.26320000000004,0
1763251201.8871,BTCUSDT,Buy,0.004,95565.80,ZeroPlusTick,80f3af3d-adc3-557f-9cb6-1a0b5b6d261c,3.822632000000001e+10,0.004,382.26320000000004,0
1763251201.8871,BTCUSDT,Buy,0.001,95566.90,PlusTick,5bf97f05-42cd-5a58-8339-9b6051303277,9.556689999999998e+09,0.001,95.56689999999999,0
1763251201.8871,BTCUSDT,Buy,0.016,95566.90,ZeroPlusTick,99aeb2d3-8414-5fc1-bd78-232c55de672a,1.5290703999999997e+11,0.016,1529.0703999999998,0
1763251201.8871,BTCUSDT,Buy,0.005,95567.90,PlusTick,87254807-aa2c-582b-a093-d0db7ccfff98,4.778395e+10,0.005,477.8395,0
1763251201.8871,BTCUSDT,Buy,0.001,95568.00,PlusTick,b6d2302c-b2f5-5449-9b90-e24a1f6fc1f6,9.5568e+09,0.001,95.568,0
1763251201.8871,BTCUSDT,Buy,0.1,95568.00,ZeroPlusTick,332f1800-f199-5dcf-b270-c17de3271644,9.556800000000001e+11,0.1,9556.800000000001,0
1763251201.8958,BTCUSDT,Buy,0.001,95568.10,PlusTick,c1c4a55b-1fe9-5e1a-bb65-dc67b2bf946d,9.55681e+09,0.001,95.5681,0
1763251201.8958,BTCUSDT,Buy,0.004,95568.10,ZeroPlusTick,14e61c91-b01f-56a2-a996-e9ab65a2ef4f,3.822724e+10,0.004,382.2724,0
1763251201.896,BTCUSDT,Buy,0.001,95568.10,ZeroPlusTick,949e0963-4698-54a4-9cef-c4c96a2c1e6a,9.55681e+09,0.001,95.5681,0
1763251201.896,BTCUSDT,Buy,0.002,95568.20,PlusTick,252a4235-d0dd-5e0f-878f-1e9660fcf21a,1.911364e+10,0.002,191.1364,0
1763251201.8966,BTCUSDT,Buy,0.001,95568.10,MinusTick,718d93fe-f8c3-5400-8818-1bf5377d6654,9.55681e+09,0.001,95.5681,0
1763251201.8983,BTCUSDT,Buy,0.004,95568.30,PlusTick,036da969-a250-5a1c-99c6-7d1839887601,3.822732e+10,0.004,382.27320000000003,0
1763251201.8983,BTCUSDT,Buy,0.004,95568.30,ZeroPlusTick,413cfcd4-a870-57a7-a6a3-8fdcb2927902,3.822732e+10,0.004,382.27320000000003,0
1763251202.039,BTCUSDT,Sell,0.004,95568.20,MinusTick,806cecea-616e-5412-a0b3-ef6c76b2f074,3.822728e+10,0.004,382.2728,0
1763251202.0439,BTCUSDT,Buy,0.001,95568.30,PlusTick,7286dcb2-35d2-5858-966a-788ce441b09e,9.55683e+09,0.001,95.56830000000001,0
1763251202.0445,BTCUSDT,Buy,0.002,95568.30,ZeroPlusTick,885a14ee-636a-5649-88e6-6a652833d4b1,1.911366e+10,0.002,191.13660000000002,0
1763251202.2045,BTCUSDT,Buy,0.002,95568.30,ZeroPlusTick,1f53433e-6745-55a8-aa5c-ef779b354893,1.911366e+10,0.002,191.13660000000002,0
1763251202.2045,BTCUSDT,Buy,0.004,95568.30,ZeroPlusTick,edd1c734-1e2d-5a77-a632-52c22eecad8b,3.822732e+10,0.004,382.27320000000003,0
1763251202.2045,BTCUSDT,Buy,0.001,95568.30,ZeroPlusTick,e4d30b5c-1a38-5488-bfe4-705063a533ef,9.55683e+09,0.001,95.56830000000001,0
1763251202.2045,BTCUSDT,Buy,0.003,95568.30,ZeroPlusTick,bb336496-848c-53f9-a13e-28fe13f343c3,2.867049e+10,0.003,286.7049,0
1763251202.2169,BTCUSDT,Buy,0.001,95568.30,ZeroPlusTick,594399fa-836a-50b8-b393-2af809342346,9.55683e+09,0.001,95.56830000000001,0
1763251202.2169,BTCUSDT,Buy,0.002,95568.30,ZeroPlusTick,e825c9a1-01ae-5310-87af-e02a487bf132,1.911366e+10,0.002,191.13660000000002,0
1763251202.2169,BTCUSDT,Buy,0.001,95568.30,ZeroPlusTick,57b5f14b-ffc4-591e-a35d-87568ffb02aa,9.55683e+09,0.001,95.56830000000001,0
1763251202.2169,BTCUSDT,Buy,0.003,95569.20,PlusTick,7801a306-7698-5e14-ba50-3a1ffa916c28,2.867076e+10,0.003,286.7076,0
1763251202.7629,BTCUSDT,Buy,0.001,95569.80,PlusTick,502eb603-cd2b-580d-9ba6-991e3c4c43a5,9.55698e+09,0.001,95.5698,0
1763251202.7629,BTCUSDT,Buy,0.003,95569.80,ZeroPlusTick,1a4be1f6-d69e-51de-b138-76586cce4b13,2.867094e+10,0.003,286.7094,0
1763251202.7891,BTCUSDT,Buy,0.002,95569.80,ZeroPlusTick,04aae0d9-d6b3-5f51-994f-0d4c863d8a97,1.911396e+10,0.002,191.1396,0
1763251202.8021,BTCUSDT,Buy,0.001,95569.80,ZeroPlusTick,dc41647a-e7e7-5dcb-984f-e2e13737a17b,9.55698e+09,0.001,95.5698,0
1763251202.8054,BTCUSDT,Buy,0.002,95569.80,ZeroPlusTick,cc3050fb-b902-58e5-bb10-0c322d594d9e,1.911396e+10,0.002,191.1396,0
1763251202.809,BTCUSDT,Buy,0.002,95569.80,ZeroPlusTick,4ca5c4f7-baa6-52aa-84d5-cbace129040d,1.911396e+10,0.002,191.1396,0
1763251202.809,BTCUSDT,Buy,0.001,95569.80,ZeroPlusTick,4a45435f-b47e-5a35-bb02-42e6068f3ca3,9.55698e+09,0.001,95.5698,0
1763251202.809,BTCUSDT,Buy,0.11,95569.80,ZeroPlusTick,10f07bd2-eaf0-5083-aef8-17f2ae319465,1.0512678e+12,0.11,10512.678,0
1763251202.809,BTCUSDT,Buy,0.11,95569.80,ZeroPlusTick,a953624e-ca4c-568d-b076-cbc2133a38ec,1.0512678e+12,0.11,10512.678,0
1763251202.809,BTCUSDT,Buy,0.001,95569.80,ZeroPlusTick,2edcb4bf-75b6-589b-925b-f1388f5e5eca,9.55698e+09,0.001,95.5698,0
1763251202.8146,BTCUSDT,Buy,0.001,95570.00,PlusTick,14421c77-2428-5ab8-9cb3-47def9751fdc,9.557e+09,0.001,95.57000000000001,0
1763251202.8146,BTCUSDT,Buy,0.001,95570.00,ZeroPlusTick,53e34cbb-14a1-55e2-98f2-0ddf0ae9b79a,9.557e+09,0.001,95.57000000000001,0
1763251202.8146,BTCUSDT,Buy,0.001,95570.10,PlusTick,f49b5fee-b8cb-574a-989c-1493c7c67de5,9.557010000000002e+09,0.001,95.57010000000001,0
1763251202.8146,BTCUSDT,Buy,0.001,95572.40,PlusTick,0f8b917d-af23-56db-879c-906cada3c89e,9.55724e+09,0.001,95.5724,0
1763251202.8278,BTCUSDT,Buy,0.001,95572.70,PlusTick,162e9eea-528f-5db8-b50d-e99f657c6127,9.55727e+09,0.001,95.5727,0
1763251202.8282,BTCUSDT,Buy,0.002,95572.70,ZeroPlusTick,d90f08d0-06b5-5817-a016-cb10b86958a5,1.911454e+10,0.002,191.1454,0
1763251202.9569,BTCUSDT,Buy,0.106,95572.70,ZeroPlusTick,4d1a1406-1bdb-594d-9b2a-d3feb02bbf08,1.0130706199999999e+12,0.106,10130.706199999999,0
1763251202.9693,BTCUSDT,Buy,0.066,95572.70,ZeroPlusTick,fb03016c-5b09-599d-8f1b-41e150833d80,6.3077982e+11,0.066,6307.7982,0
1763251202.9693,BTCUSDT,Buy,0.002,95572.70,ZeroPlusTick,87c60b36-5f4e-5f91-b656-26310ea1d3d3,1.911454e+10,0.002,191.1454,0
1763251202.9693,BTCUSDT,Buy,0.001,95572.70,ZeroPlusTick,f3857932-09d6-5c67-86b4-c7b37d796006,9.55727e+09,0.001,95.5727,0
1763251202.9774,BTCUSDT,Buy,0.001,95573.50,PlusTick,bbf6b49d-9241-5a60-8090-d5b5ee8a18ba,9.55735e+09,0.001,95.5735,0
1763251202.9774,BTCUSDT,Buy,0.001,95573.50,ZeroPlusTick,11f8b3ef-5ee9-5e4f-99f1-34715d06dc99,9.55735e+09,0.001,95.5735,0
1763251202.9774,BTCUSDT,Buy,0.001,95575.50,PlusTick,87288636-6bd9-5021-b4a2-2c07af112771,9.55755e+09,0.001,95.5755,0
1763251202.9774,BTCUSDT,Buy,0.001,95576.80,PlusTick,cd9c714e-a816-52b1-b317-7dc417298d61,9.55768e+09,0.001,95.5768,0
1763251202.9774,BTCUSDT,Buy,0.001,95577.20,PlusTick,155d8262-b053-52c2-bdbd-a5740632cdbe,9.55772e+09,0.001,95.5772,0
1763251202.9774,BTCUSDT,Buy,0.001,95577.30,PlusTick,19e210c1-fd9c-53ab-9e89-8bac4e6d1d97,9.55773e+09,0.001,95.57730000000001,0
1763251202.9774,BTCUSDT,Buy,0.002,95577.40,PlusTick,c16b1c57-c255-5e34-b95e-a062ec304768,1.911548e+10,0.002,191.1548,0
1763251202.9867,BTCUSDT,Buy,0.001,95577.50,PlusTick,d854717b-a497-599d-bf5c-aea7e2cec4c4,9.55775e+09,0.001,95.5775,0
1763251202.9867,BTCUSDT,Buy,0.001,95577.50,ZeroPlusTick,921c8c63-5c90-5454-949a-2679a37b791e,9.55775e+09,0.001,95.5775,0
1763251202.9972,BTCUSDT,Buy,0.003,95578.70,PlusTick,6cb8a740-d829-5041-b453-65332204bc0e,2.8673610000000004e+10,0.003,286.7361,0
1763251202.9972,BTCUSDT,Buy,0.001,95578.70,ZeroPlusTick,51f412a0-9485-573e-90c7-2d8f11a870fe,9.55787e+09,0.001,95.5787,0
1763251203.0789,BTCUSDT,Buy,0.01,95578.80,PlusTick,daa3be82-964f-54da-ba9e-69dd6885ba1a,9.55788e+10,0.01,955.788,0
1763251203.0789,BTCUSDT,Buy,0.001,95578.80,ZeroPlusTick,6b2103e7-4948-5ac3-b410-e49ee62ac7d1,9.55788e+09,0.001,95.5788,0
1763251203.0789,BTCUSDT,Buy,0.015,95578.80,ZeroPlusTick,dd96a0ab-f908-5d89-9052-a6d93acaff43,1.433682e+11,0.015,1433.682,0
1763251203.0789,BTCUSDT,Buy,0.068,95578.80,ZeroPlusTick,efaada09-fbd0-5ef4-99e2-9d3638d6c44c,6.499358400000001e+11,0.068,6499.358400000001,0
1763251203.0789,BTCUSDT,Buy,0.099,95578.80,ZeroPlusTick,af825e25-0fc2-554f-a080-72a8a3f3d1eb,9.4623012e+11,0.099,9462.3012,0
1763251203.0789,BTCUSDT,Buy,0.177,95578.80,ZeroPlusTick,199dc317-910b-5835-9e9d-6edb9bd594f0,1.69174476e+12,0.177,16917.4476,0
1763251203.0789,BTCUSDT,Buy,0.028,95578.80,ZeroPlusTick,c39269ea-d1d3-50a9-bb71-8aa2da3b9a43,2.6762064e+11,0.028,2676.2064,0
1763251203.0789,BTCUSDT,Buy,0.27,95578.80,ZeroPlusTick,689c7fcc-0f1d-51f6-bd7e-21126a299821,2.5806276e+12,0.27,25806.276,0
1763251203.0789,BTCUSDT,Buy,0.232,95578.80,ZeroPlusTick,26ed7df0-b78d-55dd-9abf-4a08f9a80516,2.21742816e+12,0.232,22174.281600000002,0
1763251203.0789,BTCUSDT,Buy,0.251,95578.80,ZeroPlusTick,88fd423c-5666-56ee-8546-e66482d5b1f4,2.39902788e+12,0.251,23990.2788,0
1763251203.0789,BTCUSDT,Buy,0.232,95578.80,ZeroPlusTick,3680a556-8a03-51fa-927d-ec3c535f49cb,2.21742816e+12,0.232,22174.281600000002,0
1763251203.0789,BTCUSDT,Buy,0.285,95578.80,ZeroPlusTick,bc4dac92-cb09-50cc-9894-fb0a2f17f5a7,2.7239958e+12,0.285,27239.958,0
1763251203.0789,BTCUSDT,Buy,0.004,95578.80,ZeroPlusTick,e7f5fff1-35b6-549a-a241-3836abb289bc,3.823152e+10,0.004,382.3152,0
1763251203.0789,BTCUSDT,Buy,0.36,95578.80,ZeroPlusTick,35d98acb-bb4c-5500-a1cd-e8a5830b0763,3.4408368e+12,0.36,34408.368,0
1763251203.0789,BTCUSDT,Buy,0.209,95578.80,ZeroPlusTick,b615c5f5-7520-5f0e-a4c1-3c6c375102ef,1.99759692e+12,0.209,19975.9692,0
1763251203.0789,BTCUSDT,Buy,0.02,95578.90,PlusTick,ca6bf246-7ff5-51b9-b3be-07070fbb4d3c,1.911578e+11,0.02,1911.578,0
1763251203.0789,BTCUSDT,Buy,0.001,95579.60,PlusTick,3a5cc44b-846c-5fe5-ab16-0aeb56ebda09,9.557960000000002e+09,0.001,95.57960000000001,0
1763251203.0789,BTCUSDT,Buy,0.001,95580.00,PlusTick,5900385d-7743-5f11-9c20-ff5f6d890f30,9.558e+09,0.001,95.58,0
1763251203.0789,BTCUSDT,Buy,0.001,95580.00,ZeroPlusTick,d6727ac2-83a6-5cf2-a352-91fa1667c166,9.558e+09,0.001,95.58,0
1763251203.0789,BTCUSDT,Buy,0.002,95580.30,PlusTick,47adcf01-90f5-53fd-a622-235580c3b7e9,1.911606e+10,0.002,191.16060000000002,0
1763251203.0789,BTCUSDT,Buy,0.001,95581.20,PlusTick,e89d6e6b-38b1-597f-89b4-53624170222a,9.55812e+09,0.001,95.5812,0
1763251203.0789,BTCUSDT,Buy,0.001,95581.20,ZeroPlusTick,b2138912-e525-5561-87fc-7d732954837f,9.55812e+09,0.001,95.5812,0
1763251203.0789,BTCUSDT,Buy,0.009,95581.30,PlusTick,23fcd339-abea-58c8-ba34-a72fdc6ae199,8.602317e+10,0.009,860.2316999999999,0
1763251203.0901,BTCUSDT,Buy,0.001,95581.70,PlusTick,b96de281-5787-5ca6-bc61-8a6ee9ccfb87,9.55817e+09,0.001,95.5817,0
1763251203.0905,BTCUSDT,Buy,0.005,95581.70,ZeroPlusTick,4f2dbc74-92fa-56da-82c3-88a3286d2e2d,4.779085e+10,0.005,477.9085,0
1763251204.1677,BTCUSDT,Sell,0.001,95581.60,MinusTick,09b5c8ff-e911-50fb-9e88-3bb36d12bcf8,9.55816e+09,0.001,95.58160000000001,0
1763251204.2396,BTCUSDT,Buy,0.001,95581.70,PlusTick,722eeccd-32b1-5929-bc3d-a7eb82159a0f,9.55817e+09,0.001,95.5817,0
1763251204.2396,BTCUSDT,Buy,0.001,95581.70,ZeroPlusTick,864d3415-2413-57bc-8d89-d0b9da3a81fa,9.55817e+09,0.001,95.5817,0
1763251204.2396,BTCUSDT,Buy,0.001,95581.70,ZeroPlusTick,c4f3002a-d616-5182-83df-b1ca4eeab596,9.55817e+09,0.001,95.5817,0
1763251204.3634,BTCUSDT,Buy,0.002,95581.70,ZeroPlusTick,b0dfaaea-f2f2-5185-af38-b1b03b516a33,1.911634e+10,0.002,191.1634,0
1763251204.3718,BTCUSDT,Buy,0.015,95581.70,ZeroPlusTick,994ebd36-808b-5453-92ea-74cc0ba6f16a,1.4337255e+11,0.015,1433.7255,0
1763251204.768,BTCUSDT,Buy,0.01,95581.70,ZeroPlusTick,c7a4bcf2-104a-52e5-9787-25cc4bc9b940,9.55817e+10,0.01,955.817,0
1763251205.0745,BTCUSDT,Buy,0.001,95581.70,ZeroPlusTick,e0fca0a4-f922-5287-993f-0d8d8277e1ed,9.55817e+09,0.001,95.5817,0
1763251205.0868,BTCUSDT,Buy,0.007,95581.70,ZeroPlusTick,509bab3e-df37-5c7f-bde4-972944c90507,6.690719e+10,0.007,669.0719,0
1763251205.09,BTCUSDT,Buy,0.004,95581.70,ZeroPlusTick,38e07515-73cc-5f4f-86b5-15c91aab3cb4,3.823268e+10,0.004,382.3268,0
1763251205.252,BTCUSDT,Sell,0.002,95581.60,MinusTick,b3a0ba11-49c7-5c59-8684-74c3976e65b9,1.911632e+10,0.002,191.16320000000002,0
1763251205.4763,BTCUSDT,Sell,0.002,95581.60,ZeroMinusTick,9c75f951-3a30-5e1e-95d0-c986578a1800,1.911632e+10,0.002,191.16320000000002,0
1763251205.5898,BTCUSDT,Buy,0.006,95581.70,PlusTick,8a0c70bf-9283-52eb-a2ac-aa738275a0ce,5.734901999999999e+10,0.006,573.4902,0
1763251205.6002,BTCUSDT,Sell,0.02,95581.60,MinusTick,812531a8-aa3a-5789-bea5-1516c7a04f7c,1.911632e+11,0.02,1911.632,0
1763251206.5517,BTCUSDT,Sell,0.002,95581.60,ZeroMinusTick,98a3fd7e-c2fa-5da9-90b1-bdcdc983e22f,1.911632e+10,0.002,191.16320000000002,0
1763251206.6159,BTCUSDT,Sell,0.113,95581.60,ZeroMinusTick,d7ace3e9-da4c-596a-9229-f87383aaa6fd,1.0800720800000001e+12,0.113,10800.720800000001,0
1763251206.7753,BTCUSDT,Buy,0.01,95581.70,PlusTick,98a49a2d-31d5-50fc-b33e-532609ab85a4,9.55817e+10,0.01,955.817,0
1763251206.8944,BTCUSDT,Sell,0.001,95581.60,MinusTick,ba68c6d4-759d-58cf-8c62-cfce3391d9f6,9.55816e+09,0.001,95.58160000000001,0
1763251206.8959,BTCUSDT,Sell,0.001,95581.60,ZeroMinusTick,748e8bfd-8a49-5de6-b0da-b99d8d0b9ea8,9.55816e+09,0.001,95.58160000000001,0
1763251207.0297,BTCUSDT,Buy,0.001,95581.70,PlusTick,3a078627-abec-5834-a7e2-81382a11826d,9.55817e+09,0.001,95.5817,0
1763251207.0979,BTCUSDT,Buy,0.049,95581.70,ZeroPlusTick,cff7219a-9515-5103-a041-02fdc4100348,4.6835033000000006e+11,0.049,4683.5033,0
1763251207.3421,BTCUSDT,Buy,0.007,95581.70,ZeroPlusTick,83a999bd-1e5f-5eb4-994e-4d04d54964f2,6.690719e+10,0.007,669.0719,0
1763251207.3421,BTCUSDT,Buy,0.009,95581.70,ZeroPlusTick,d7947686-20ef-5c55-bb19-3b88cbe0f538,8.602353e+10,0.009,860.2352999999999,0
1763251207.3434,BTCUSDT,Buy,0.004,95581.70,ZeroPlusTick,1d2822ff-c64b-508e-af91-fbb979f78d9e,3.823268e+10,0.004,382.3268,0
1763251207.347,BTCUSDT,Buy,0.011,95581.70,ZeroPlusTick,75f9ff00-416b-590b-9957-690fbecddc94,1.0513987e+11,0.011,1051.3987,0
1763251207.3502,BTCUSDT,Buy,0.002,95581.70,ZeroPlusTick,8292de62-2821-5dd8-8d72-7b59239424be,1.911634e+10,0.002,191.1634,0
1763251207.3504,BTCUSDT,Buy,0.03,95581.70,ZeroPlusTick,b99039b3-6cab-51be-87a5-fc7e6cb322f8,2.867451e+11,0.03,2867.451,0
1763251207.5768,BTCUSDT,Buy,0.017,95581.70,ZeroPlusTick,a4399cee-ff3d-5b9e-8444-87b5a530fc68,1.6248889e+11,0.017,1624.8889000000001,0
1763251207.879,BTCUSDT,Buy,0.037,95581.70,ZeroPlusTick,7960140b-600e-50d1-ae2b-322e3feba044,3.5365229e+11,0.037,3536.5229,0
1763251207.879,BTCUSDT,Buy,0.029,95581.70,ZeroPlusTick,e6b56685-e9c3-5dba-a06b-015e86c5213c,2.7718693e+11,0.029,2771.8693,0
1763251207.879,BTCUSDT,Buy,0.001,95581.70,ZeroPlusTick,b74d7223-c4bf-5d9f-97c6-01a997e2e28f,9.55817e+09,0.001,95.5817,0
1763251207.879,BTCUSDT,Buy,0.002,95581.70,ZeroPlusTick,5765b3ca-857c-5ca9-8a22-55a082f74b18,1.911634e+10,0.002,191.1634,0
1763251207.879,BTCUSDT,Buy,0.018,95581.70,ZeroPlusTick,63fe6561-1807-56de-b448-152273827fc4,1.7204706e+11,0.018,1720.4705999999999,0
1763251207.879,BTCUSDT,Buy,0.098,95581.70,ZeroPlusTick,6cf4e6d1-fcfc-5407-b2cf-e78e7c59c264,9.367006600000001e+11,0.098,9367.0066,0
1763251208.0796,BTCUSDT,Buy,0.105,95581.70,ZeroPlusTick,db934cc5-4a73-589b-905d-ce50909079a1,1.00360785e+12,0.105,10036.0785,0
1763251208.726,BTCUSDT,Buy,0.002,95581.70,ZeroPlusTick,8ef06343-9fb8-5ce1-9c3d-ede21d064c25,1.911634e+10,0.002,191.1634,0
1763251209.8448,BTCUSDT,Buy,0.001,95581.70,ZeroPlusTick,6ad92564-b5d8-5df0-8e89-21f23eac48cb,9.55817e+09,0.001,95.5817,0
1763251209.8448,BTCUSDT,Buy,0.001,95581.70,ZeroPlusTick,86633513-12e2-5a5a-aa13-e4ebc8e54c2d,9.55817e+09,0.001,95.5817,0
1763251209.9031,BTCUSDT,Buy,0.105,95581.70,ZeroPlusTick,32d11cee-db51-5e17-9149-997f050f6148,1.00360785e+12,0.105,10036.0785,0
1763251209.9531,BTCUSDT,Buy,0.005,95581.70,ZeroPlusTick,cb2696f2-e754-5395-9597-836ed6953960,4.779085e+10,0.005,477.9085,0
1763251209.9531,BTCUSDT,Buy,0.001,95581.70,ZeroPlusTick,693bc5c1-d353-576c-ac45-f3dd08bada96,9.55817e+09,0.001,95.5817,0
1763251209.9531,BTCUSDT,Buy,0.001,95581.70,ZeroPlusTick,55b701e0-b178-5e66-9994-ccbcec1b0c53,9.55817e+09,0.001,95.5817,0
1763251209.9531,BTCUSDT,Buy,0.008,95581.70,ZeroPlusTick,c9d7bd62-39a9-54d1-b3c6-4695aa4d3f40,7.646536e+10,0.008,764.6536,0
1763251210.225,BTCUSDT,Buy,0.002,95581.70,ZeroPlusTick,fca40c29-3bd7-521a-a6ad-7bbc6ced6c38,1.911634e+10,0.002,191.1634,0
1763251210.3815,BTCUSDT,Buy,0.1,95581.70,ZeroPlusTick,18d63099-459c-50f2-b6e7-ea4775be3893,9.55817e+11,0.1,9558.17,0
1763251210.3815,BTCUSDT,Buy,0.001,95581.70,ZeroPlusTick,d08f6c90-e378-5287-b2c5-dd0a7c2e6f5f,9.55817e+09,0.001,95.5817,0
1763251210.3815,BTCUSDT,Buy,0.009,95581.70,ZeroPlusTick,13d9cc34-217d-5a31-a362-4574fc633d6e,8.602353e+10,0.009,860.2352999999999,0
1763251210.7305,BTCUSDT,Buy,0.013,95581.70,ZeroPlusTick,49a52659-7b07-5c27-86da-0cba931260cb,1.2425620999999998e+11,0.013,1242.5620999999999,0
1763251210.7305,BTCUSDT,Buy,0.031,95581.70,ZeroPlusTick,2fcad798-99c6-569d-90c6-a2f3b6364ddf,2.9630327e+11,0.031,2963.0326999999997,0
1763251211.3295,BTCUSDT,Buy,0.001,95581.70,ZeroPlusTick,a23560ac-6609-5b4d-b2ad-4e463fed1fae,9.55817e+09,0.001,95.5817,0
1763251211.5226,BTCUSDT,Buy,0.008,95581.70,ZeroPlusTick,4e2c2a6b-b4ae-528b-874d-68e1cee97f81,7.646536e+10,0.008,764.6536,0
1763251213.0035,BTCUSDT,Sell,0.001,95581.60,MinusTick,d9c1ec10-32a6-5921-a5ee-ec00e75d8fe7,9.55816e+09,0.001,95.58160000000001,0
1763251213.0035,BTCUSDT,Sell,0.001,95581.60,ZeroMinusTick,9081d250-9ff4-510c-9b8f-02424f02b2dc,9.55816e+09,0.001,95.58160000000001,0
1763251213.0043,BTCUSDT,Sell,0.001,95581.60,ZeroMinusTick,2a82d6a3-ecfe-5ada-a127-91f74d21047b,9.55816e+09,0.001,95.58160000000001,0
1763251213.0206,BTCUSDT,Sell,0.002,95581.60,ZeroMinusTick,134b13ce-a39e-5f97-9a38-3f8e48adbb86,1.911632e+10,0.002,191.16320000000002,0
1763251213.0227,BTCUSDT,Sell,0.001,95581.60,ZeroMinusTick,2bf07d7a-f447-56d7-a88c-07e5baf00ca2,9.55816e+09,0.001,95.58160000000001,0
1763251213.037,BTCUSDT,Sell,0.001,95581.60,ZeroMinusTick,5a8efb53-ca26-526c-a378-b9139596556b,9.55816e+09,0.001,95.58160000000001,0
1763251213.037,BTCUSDT,Sell,0.001,95581.60,ZeroMinusTick,7a1979f6-efbb-5c8f-a42b-730a7f5d43af,9.55816e+09,0.001,95.58160000000001,0
1763251213.04,BTCUSDT,Sell,0.028,95581.60,ZeroMinusTick,e122f314-b6e4-560b-91b1-74d07539cdbb,2.6762848000000003e+11,0.028,2676.2848000000004,0
1763251213.04,BTCUSDT,Sell,0.072,95581.60,ZeroMinusTick,29c94e0d-643b-5032-86aa-2390094fe588,6.8818752e+11,0.072,6881.8751999999995,0
1763251213.0401,BTCUSDT,Sell,0.542,95581.60,ZeroMinusTick,bfb7a499-0c78-559b-bb59-fdbbf0851645,5.180522720000001e+12,0.542,51805.22720000001,0
1763251213.0401,BTCUSDT,Sell,0.068,95581.60,ZeroMinusTick,792c3cb0-ce8b-5aa9-aec1-06a95703e5ac,6.4995488e+11,0.068,6499.5488000000005,0
1763251213.0401,BTCUSDT,Sell,0.017,95581.60,ZeroMinusTick,40d8e704-52ec-521c-a14d-a59016c27dca,1.6248872e+11,0.017,1624.8872000000001,0
1763251213.0402,BTCUSDT,Sell,0.662,95581.60,ZeroMinusTick,863046e2-b70e-5537-86c0-27eb02468637,6.327501920000001e+12,0.662,63275.01920000001,0
1763251213.0402,BTCUSDT,Sell,0.142,95581.60,ZeroMinusTick,d8333c4f-8d09-516b-97bd-c913f3194571,1.35725872e+12,0.142,13572.5872,0
1763251213.0402,BTCUSDT,Sell,0.002,95581.60,ZeroMinusTick,dbd2e896-5f88-550d-803a-5d3ff3a435e5,1.911632e+10,0.002,191.16320000000002,0
1763251213.0402,BTCUSDT,Sell,0.086,95581.60,ZeroMinusTick,cae3c542-0cdc-5305-a5c3-4b3029ac2753,8.220017599999999e+11,0.086,8220.0176,0
1763251213.0402,BTCUSDT,Sell,0.092,95581.60,ZeroMinusTick,80fec00a-201e-5fa1-bee9-061580c877be,8.7935072e+11,0.092,8793.5072,0
1763251213.0402,BTCUSDT,Sell,0.041,95581.60,ZeroMinusTick,85384fc6-b9fe-51a7-b23d-4c1dc829123f,3.9188456000000006e+11,0.041,3918.8456000000006,0
1763251213.0402,BTCUSDT,Sell,0.062,95581.60,ZeroMinusTick,cb549305-10fc-5fcb-bc54-79e609fb7ea2,5.9260592e+11,0.062,5926.059200000001,0
1763251213.0402,BTCUSDT,Sell,0.009,95581.60,ZeroMinusTick,49e6205e-dfbd-52ec-83a8-42eef1ef24b9,8.602344e+10,0.009,860.2343999999999,0
1763251213.0402,BTCUSDT,Sell,0.01,95581.60,ZeroMinusTick,01305478-ee0d-5eee-96d5-996a48489e08,9.55816e+10,0.01,955.816,0
1763251213.0402,BTCUSDT,Sell,0.008,95581.60,ZeroMinusTick,e8737e3c-fefe-5e5e-b49d-b4f663c0935e,7.646528e+10,0.008,764.6528000000001,0
1763251213.0402,BTCUSDT,Sell,0.006,95581.60,ZeroMinusTick,b0232b80-c622-5583-b39c-7825e67cba84,5.734896e+10,0.006,573.4896,0
1763251213.0402,BTCUSDT,Sell,0.033,95581.60,ZeroMinusTick,a8624038-da1f-5c3d-a89c-7ca8010edc16,3.1541928e+11,0.033,3154.1928000000003,0
1763251213.0402,BTCUSDT,Sell,0.088,95581.60,ZeroMinusTick,7bd07324-b546-5532-8d5d-58531f429da6,8.4111808e+11,0.088,8411.1808,0
1763251213.0403,BTCUSDT,Sell,0.27,95581.60,ZeroMinusTick,df0ae2ea-486f-55e0-931f-5867fda40593,2.5807032000000005e+12,0.27,25807.032000000003,0
1763251213.0403,BTCUSDT,Sell,0.07,95581.60,ZeroMinusTick,3676b6de-57df-5ba9-91e4-61b8cb379e93,6.690712000000001e+11,0.07,6690.712000000001,0
1763251213.0403,BTCUSDT,Sell,0.012,95581.60,ZeroMinusTick,e7ef87ec-f2b0-5dc3-b9d7-bb179fa3d906,1.1469792e+11,0.012,1146.9792,0
1763251213.0403,BTCUSDT,Sell,0.053,95581.60,ZeroMinusTick,885bc8b5-07b5-5ef1-a339-f7b7743b3d64,5.0658248000000006e+11,0.053,5065.8248,0
1763251213.0403,BTCUSDT,Sell,0.001,95581.20,MinusTick,882667a7-7afc-59be-8eaf-033401eac41c,9.55812e+09,0.001,95.5812,0
1763251213.0403,BTCUSDT,Sell,0.001,95580.00,MinusTick,41960e54-f4c2-5599-810d-edb6e08eeb95,9.558e+09,0.001,95.58,0
1763251213.0403,BTCUSDT,Sell,0.001,95580.00,ZeroMinusTick,2f0a2b2f-0725-5f15-84fe-4bc6f0544cd5,9.558e+09,0.001,95.58,0
1763251213.0403,BTCUSDT,Sell,0.001,95578.90,MinusTick,bb32ee4e-761f-554f-a92e-abc97a214c83,9.557889999999998e+09,0.001,95.57889999999999,0
1763251213.0409,BTCUSDT,Sell,0.001,95577.90,MinusTick,23463882-dbfe-53bd-a996-dd9798b8131a,9.55779e+09,0.001,95.5779,0
1763251213.0438,BTCUSDT,Sell,0.001,95575.70,MinusTick,a3eceb59-5f01-5dae-be29-0414a84a7d7f,9.55757e+09,0.001,95.5757,0
1763251213.0439,BTCUSDT,Sell,0.004,95575.70,ZeroMinusTick,92355141-8053-54d8-af17-df95d1b4283e,3.823028e+10,0.004,382.3028,0
1763251213.0439,BTCUSDT,Sell,0.001,95575.40,MinusTick,85463ec2-3786-55b0-8635-37da1c55aaa6,9.55754e+09,0.001,95.5754,0
1763251213.0513,BTCUSDT,Buy,0.002,95573.50,MinusTick,efc79966-9f73-548b-8ef1-232f20db1778,1.91147e+10,0.002,191.147,0
1763251213.0578,BTCUSDT,Sell,0.001,95573.40,MinusTick,bf970c03-8aa1-5448-9d71-7997811db556,9.55734e+09,0.001,95.57339999999999,0
1763251213.0578,BTCUSDT,Sell,0.002,95573.10,MinusTick,224c5808-ce10-5476-ac4c-98d30836caa8,1.9114620000000004e+10,0.002,191.14620000000002,0
1763251213.0578,BTCUSDT,Sell,0.002,95572.20,MinusTick,0660f991-36c0-58a6-86d0-cd07ef62f3a6,1.911444e+10,0.002,191.1444,0
1763251213.0783,BTCUSDT,Sell,0.003,95572.00,MinusTick,880020a6-04e2-5ad6-ae29-4829f33e36f3,2.86716e+10,0.003,286.716,0
1763251213.0783,BTCUSDT,Sell,0.001,95572.00,ZeroMinusTick,a3201f22-c324-596b-ba0a-5ef2f1b47526,9.5572e+09,0.001,95.572,0
1763251213.0783,BTCUSDT,Sell,0.22,95572.00,ZeroMinusTick,579e1ac5-d8fc-5046-9f09-8003b832cfaf,2.102584e+12,0.22,21025.84,0
1763251213.0984,BTCUSDT,Sell,0.001,95572.00,ZeroMinusTick,3cc358dd-926a-5c35-ace6-fe21b17451ea,9.5572e+09,0.001,95.572,0
1763251213.1082,BTCUSDT,Sell,0.001,95572.00,ZeroMinusTick,90c1ade2-81c0-5d82-aeae-6601227e8ea8,9.5572e+09,0.001,95.572,0
1763251213.1082,BTCUSDT,Sell,0.001,95572.00,ZeroMinusTick,7fd47cdb-eaf5-5a2a-9128-71a8f45a512d,9.5572e+09,0.001,95.572,0
1763251213.1161,BTCUSDT,Sell,0.001,95570.70,MinusTick,4cfbdacd-e2fd-57ab-ad99-0257c65623f3,9.55707e+09,0.001,95.5707,0
1763251213.1165,BTCUSDT,Sell,0.008,95570.50,MinusTick,a43dcf37-5d2c-5d50-968c-c1e08abaddb6,7.64564e+10,0.008,764.564,0
1763251213.1169,BTCUSDT,Sell,0.001,95570.50,ZeroMinusTick,a08140e0-110b-5724-8356-bc73aacc687d,9.55705e+09,0.001,95.5705,0
1763251213.1194,BTCUSDT,Sell,0.008,95570.50,ZeroMinusTick,e231d36c-9de4-553b-a74b-1abe9a6d4238,7.64564e+10,0.008,764.564,0
1763251213.1202,BTCUSDT,Sell,0.002,95570.50,ZeroMinusTick,8a8274c8-726a-5956-af38-e6e749d6d878,1.91141e+10,0.002,191.141,0
1763251213.1204,BTCUSDT,Sell,0.001,95570.00,MinusTick,dea6d206-38ea-5106-a4ca-22e2e7ef9935,9.557e+09,0.001,95.57000000000001,0
1763251213.1208,BTCUSDT,Sell,0.001,95568.20,MinusTick,59c2d7e0-438a-57af-8fe7-fc7818684242,9.55682e+09,0.001,95.5682,0
1763251213.1208,BTCUSDT,Sell,0.005,95568.00,MinusTick,c41847a1-bd67-591c-a245-10f758d265c3,4.7784e+10,0.005,477.84000000000003,0
1763251213.1208,BTCUSDT,Sell,0.009,95568.00,ZeroMinusTick,cf996f8f-71ee-59c1-b760-ee06a1436189,8.60112e+10,0.009,860.112,0
1763251213.1213,BTCUSDT,Sell,0.001,95566.90,MinusTick,9719fb7e-9651-54ee-acc7-8b7b69f296eb,9.556689999999998e+09,0.001,95.56689999999999,0
1763251213.1213,BTCUSDT,Sell,0.002,95566.10,MinusTick,0def77d1-8232-53cb-a810-bb83068e9af1,1.911322e+10,0.002,191.1322,0
1763251213.1213,BTCUSDT,Sell,0.001,95566.00,MinusTick,7f66dab9-b725-522a-bf8f-805720da0135,9.5566e+09,0.001,95.566,0
1763251214.2416,BTCUSDT,Buy,0.006,95565.00,MinusTick,74c9974b-37fc-5da8-8c23-19f7c5bd3544,5.7339e+10,0.006,573.39,0
1763251215.1992,BTCUSDT,Sell,0.001,95564.90,MinusTick,443d50e5-3c5a-5ae0-9d97-c05332e92e33,9.55649e+09,0.001,95.5649,0
1763251217.5135,BTCUSDT,Buy,0.109,95565.00,PlusTick,f25b42a3-038d-5f87-a27d-1ea9c92d1bd6,1.0416584999999999e+12,0.109,10416.585,0
1763251217.5135,BTCUSDT,Buy,0.001,95565.00,ZeroPlusTick,154c7967-a80c-5c33-a985-cd2cefa06b7a,9.5565e+09,0.001,95.565,0
1763251217.5135,BTCUSDT,Buy,0.016,95565.00,ZeroPlusTick,908ae5a7-c7a1-586f-85e5-780c9178990d,1.52904e+11,0.016,1529.04,0
1763251217.5135,BTCUSDT,Buy,0.001,95565.00,ZeroPlusTick,d87040e0-7b73-5dcb-968b-21c82fa657aa,9.5565e+09,0.001,95.565,0
1763251217.5135,BTCUSDT,Buy,0.001,95565.00,ZeroPlusTick,73fd802a-548c-5851-97b8-2f3f2fd1e37b,9.5565e+09,0.001,95.565,0
1763251217.5135,BTCUSDT,Buy,0.094,95565.00,ZeroPlusTick,bd367c84-e749-5cce-afad-b243d4479d8a,8.98311e+11,0.094,8983.11,0
1763251217.5135,BTCUSDT,Buy,0.002,95565.00,ZeroPlusTick,e5b0404f-a6ab-5f73-a3b2-a5d7bf2cf032,1.9113e+10,0.002,191.13,0
1763251217.5135,BTCUSDT,Buy,0.001,95565.00,ZeroPlusTick,aee38011-35f2-5d7e-bc4e-776762cdda47,9.5565e+09,0.001,95.565,0
1763251217.5135,BTCUSDT,Buy,0.001,95565.80,PlusTick,c1e545aa-65ff-5641-8c27-23994027987c,9.556580000000002e+09,0.001,95.56580000000001,0
1763251217.5135,BTCUSDT,Buy,0.001,95566.60,PlusTick,32a23874-0f67-5df7-9ce5-694014b3a18e,9.55666e+09,0.001,95.56660000000001,0
1763251217.5135,BTCUSDT,Buy,0.001,95566.90,PlusTick,28a9e69f-bd53-5b29-a0a2-1bb5e0fec5c9,9.556689999999998e+09,0.001,95.56689999999999,0
1763251217.5135,BTCUSDT,Buy,0.001,95568.30,PlusTick,2786deb3-2a3b-57df-8445-1be72f9d4381,9.55683e+09,0.001,95.56830000000001,0
1763251217.5135,BTCUSDT,Buy,0.023,95569.80,PlusTick,519c7018-0464-557f-8dce-680b974cbaca,2.1981054e+11,0.023,2198.1054,0
1763251217.5135,BTCUSDT,Buy,0.001,95570.00,PlusTick,86b53ac9-aedc-5cea-8766-da05f9229100,9.557e+09,0.001,95.57000000000001,0
1763251217.5135,BTCUSDT,Buy,0.001,95570.10,PlusTick,bd466a02-5865-5f81-a2a4-feb1936ade3e,9.557010000000002e+09,0.001,95.57010000000001,0
1763251217.5135,BTCUSDT,Buy,0.001,95570.60,PlusTick,3623b388-3a15-5579-b40f-3fee297ac637,9.557060000000002e+09,0.001,95.57060000000001,0
1763251217.5135,BTCUSDT,Buy,0.001,95570.80,PlusTick,9ccb2c11-2145-5e5a-916a-578250b442fc,9.55708e+09,0.001,95.5708,0
1763251217.5135,BTCUSDT,Buy,0.001,95570.80,ZeroPlusTick,e2361eba-63b9-5beb-b0d3-05c87b4187a4,9.55708e+09,0.001,95.5708,0
1763251217.5135,BTCUSDT,Buy,0.001,95572.90,PlusTick,901c85a3-6370-53f7-a711-71791d00f025,9.557289999999998e+09,0.001,95.57289999999999,0
1763251217.5135,BTCUSDT,Buy,0.001,95573.20,PlusTick,fcb49dfb-9ae9-5abb-8011-f28f71f949ae,9.55732e+09,0.001,95.5732,0
1763251217.5135,BTCUSDT,Buy,0.241,95574.00,PlusTick,b0859ca7-79d1-50c1-904b-2d3ce320856e,2.3033334e+12,0.241,23033.334,0
1763251217.7356,BTCUSDT,Buy,0.001,95574.00,ZeroPlusTick,ec61e7ac-ec72-5a7d-86b3-7b97619d53bd,9.5574e+09,0.001,95.574,0
1763251219.9391,BTCUSDT,Buy,0.001,95574.00,ZeroPlusTick,d06db883-8c36-535c-a936-046f4779cc82,9.5574e+09,0.001,95.574,0
1763251219.9391,BTCUSDT,Buy,0.001,95574.00,ZeroPlusTick,6cee68ea-cacb-54f0-9051-550d80f0533e,9.5574e+09,0.001,95.574,0
1763251219.9391,BTCUSDT,Buy,0.018,95574.00,ZeroPlusTick,cd4bb899-2ce1-5ebd-bc11-6af7dfd10592,1.720332e+11,0.018,1720.3319999999999,0
1763251225.3766,BTCUSDT,Buy,0.001,95574.00,ZeroPlusTick,d9292052-a6fe-55a4-9be7-28d37a078f82,9.5574e+09,0.001,95.574,0
1763251227.2,BTCUSDT,Buy,0.001,95574.00,ZeroPlusTick,1286bd62-b9cf-583e-beca-d4558a388bca,9.5574e+09,0.001,95.574,0
1763251228.1821,BTCUSDT,Sell,0.001,95573.90,MinusTick,da98460e-6624-5a86-b3ef-a69d35c7df01,9.55739e+09,0.001,95.5739,0
1763251228.1821,BTCUSDT,Sell,0.001,95573.90,ZeroMinusTick,004cd697-7006-50b5-986e-d4fab398c8cb,9.55739e+09,0.001,95.5739,0
1763251228.1821,BTCUSDT,Sell,0.001,95573.90,ZeroMinusTick,980df6fd-74bd-5435-9a3f-ddd67a432b5d,9.55739e+09,0.001,95.5739,0
1763251228.1821,BTCUSDT,Sell,0.004,95573.90,ZeroMinusTick,e013c2a5-06b5-52a1-aa82-e66dcf20098a,3.822956e+10,0.004,382.2956,0
1763251228.1821,BTCUSDT,Sell,0.004,95573.90,ZeroMinusTick,92f6ce73-cef2-52ec-9d24-1995fd080711,3.822956e+10,0.004,382.2956,0
1763251228.1821,BTCUSDT,Sell,0.019,95573.90,ZeroMinusTick,2aadb607-d837-5c27-98bf-23f436b11a7b,1.8159040999999997e+11,0.019,1815.9040999999997,0
1763251228.3098,BTCUSDT,Buy,0.003,95574.00,PlusTick,fd71cd63-6283-51f7-9574-72e447ddafd2,2.8672199999999996e+10,0.003,286.722,0
1763251228.8792,BTCUSDT,Buy,0.001,95574.00,ZeroPlusTick,9b16ceee-23ff-5b9b-8aee-3870ab36ef5f,9.5574e+09,0.001,95.574,0
1763251230.4044,BTCUSDT,Buy,0.027,95574.00,ZeroPlusTick,e8039fe0-f239-5eef-b22f-c399d8a71727,2.580498e+11,0.027,2580.498,0
1763251230.6624,BTCUSDT,Buy,0.001,95574.00,ZeroPlusTick,07b4261e-d3a8-5e67-b8a8-a71ef3195b11,9.5574e+09,0.001,95.574,0
1763251231.4014,BTCUSDT,Sell,0.003,95573.90,MinusTick,04ff3dc8-bc93-556b-95dc-42116cc2a430,2.867217e+10,0.003,286.7217,0
1763251233.6446,BTCUSDT,Buy,0.001,95574.00,PlusTick,a36aaef1-2089-5ff1-b640-07139857888e,9.5574e+09,0.001,95.574,0
1763251234.7301,BTCUSDT,Buy,0.001,95574.00,ZeroPlusTick,8179611c-20d9-57b9-86f6-ee016805ee4f,9.5574e+09,0.001,95.574,0
1763251235.7555,BTCUSDT,Buy,0.001,95574.00,ZeroPlusTick,fafd41d9-c0c1-5c63-90e4-d1570dda0e96,9.5574e+09,0.001,95.574,0
1763251236.7262,BTCUSDT,Buy,0.001,95574.00,ZeroPlusTick,306f32d7-f487-53dc-a03c-cb485df46600,9.5574e+09,0.001,95.574,0
1763251239.4717,BTCUSDT,Buy,0.001,95574.00,ZeroPlusTick,8ea3776d-99a2-5653-a1e6-7fc61469593c,9.5574e+09,0.001,95.574,0
1763251241.1495,BTCUSDT,Buy,0.05,95574.00,ZeroPlusTick,b7152795-5fbc-5bfc-9eec-4e02c748e23a,4.7787e+11,0.05,4778.7,0
1763251241.3601,BTCUSDT,Sell,0.003,95573.90,MinusTick,b4ecf2c8-92de-5b82-8864-26d84782b10c,2.867217e+10,0.003,286.7217,0
1763251241.3612,BTCUSDT,Sell,0.001,95573.90,ZeroMinusTick,41795910-277a-5827-bcc9-6e1e14cbf746,9.55739e+09,0.001,95.5739,0
1763251241.3613,BTCUSDT,Sell,0.001,95573.90,ZeroMinusTick,f301a836-ffb1-5461-9774-3b34fd15131a,9.55739e+09,0.001,95.5739,0
1763251241.5333,BTCUSDT,Sell,0.003,95573.90,ZeroMinusTick,76e83b55-f5a2-5872-b06e-5cb111570c7a,2.867217e+10,0.003,286.7217,0
1763251241.8683,BTCUSDT,Buy,0.002,95574.00,PlusTick,1f30f666-9951-529a-af05-f756919617e3,1.91148e+10,0.002,191.148,0
1763251241.8764,BTCUSDT,Buy,0.014,95574.00,ZeroPlusTick,649469c7-8605-5dd9-93d9-89f6fa18ac1b,1.338036e+11,0.014,1338.036,0
1763251241.8905,BTCUSDT,Buy,0.04,95574.00,ZeroPlusTick,04190abb-1f89-5e56-9b95-e8a58410ad1f,3.82296e+11,0.04,3822.96,0
1763251241.8932,BTCUSDT,Buy,0.027,95574.00,ZeroPlusTick,ae707115-8aec-5de4-b248-30076371d259,2.580498e+11,0.027,2580.498,0
1763251241.8979,BTCUSDT,Buy,0.014,95574.00,ZeroPlusTick,b33b3a05-0389-5f81-b5d0-cb1461db9896,1.338036e+11,0.014,1338.036,0
1763251241.9688,BTCUSDT,Buy,0.013,95574.00,ZeroPlusTick,823eac1e-8406-5449-8ad3-9c269fbb4dcb,1.242462e+11,0.013,1242.462,0
1763251241.9797,BTCUSDT,Buy,0.026,95574.00,ZeroPlusTick,26274d9f-e99d-55bb-819c-6c7489f52f30,2.484924e+11,0.026,2484.924,0
1763251241.9797,BTCUSDT,Buy,0.001,95574.00,ZeroPlusTick,59dc3cde-86b5-5a92-b4ad-087ef143daca,9.5574e+09,0.001,95.574,0
1763251242.0347,BTCUSDT,Buy,0.001,95574.00,ZeroPlusTick,080e9509-54dd-56df-8a48-11586f68d88c,9.5574e+09,0.001,95.574,0
1763251242.0347,BTCUSDT,Buy,0.012,95574.00,ZeroPlusTick,a53d920c-d361-573e-8c07-64d641c3162e,1.1468879999999998e+11,0.012,1146.888,0
1763251242.1447,BTCUSDT,Buy,0.005,95574.00,ZeroPlusTick,d3e9fe3d-6409-5e12-9e23-140d7fc20a82,4.7787e+10,0.005,477.87,0
1763251242.1447,BTCUSDT,Buy,0.021,95574.00,ZeroPlusTick,e6eb57fb-9d4f-5cbb-9af6-687b293f3c88,2.007054e+11,0.021,2007.054,0
1763251242.1832,BTCUSDT,Buy,0.013,95574.00,ZeroPlusTick,04042f04-ccd2-5673-96f7-c9c8701478eb,1.242462e+11,0.013,1242.462,0
1763251242.4039,BTCUSDT,Buy,0.018,95574.00,ZeroPlusTick,d2fc4448-294b-5985-88d4-ab2d896e67eb,1.720332e+11,0.018,1720.3319999999999,0
1763251242.5067,BTCUSDT,Buy,0.013,95574.00,ZeroPlusTick,1843e7ea-2018-590c-bb0c-a18cf27376b5,1.242462e+11,0.013,1242.462,0
1763251242.6522,BTCUSDT,Buy,0.014,95574.00,ZeroPlusTick,1ec7600d-294a-55f3-ba95-4c658aeb02de,1.338036e+11,0.014,1338.036,0
1763251243.0875,BTCUSDT,Buy,0.001,95574.00,ZeroPlusTick,71ee9af1-28f0-5807-bbef-b90df47243ee,9.5574e+09,0.001,95.574,0
1763251243.3012,BTCUSDT,Buy,0.002,95574.00,ZeroPlusTick,f204c6b2-5ab8-51af-8659-218772453065,1.91148e+10,0.002,191.148,0
1763251244.6426,BTCUSDT,Buy,0.11,95574.00,ZeroPlusTick,52434ab0-c011-59e2-9989-9576cca06e72,1.051314e+12,0.11,10513.14,0
1763251244.6426,BTCUSDT,Buy,0.11,95574.00,ZeroPlusTick,d5fdfdd5-0846-5016-bafe-23483bf86b66,1.051314e+12,0.11,10513.14,0
1763251244.6426,BTCUSDT,Buy,0.001,95574.00,ZeroPlusTick,6d212509-20c5-57a7-8a42-26a08dae83d3,9.5574e+09,0.001,95.574,0
1763251244.6426,BTCUSDT,Buy,0.003,95574.00,ZeroPlusTick,790868a5-841c-536e-bb8a-a818b97a6089,2.8672199999999996e+10,0.003,286.722,0
1763251244.6426,BTCUSDT,Buy,0.005,95574.00,ZeroPlusTick,e7881649-e0f4-5ee1-b379-1e78a394f19a,4.7787e+10,0.005,477.87,0
1763251244.6426,BTCUSDT,Buy,0.001,95574.00,ZeroPlusTick,f16dec7f-daeb-5d52-80a8-0e1677f4e506,9.5574e+09,0.001,95.574,0
1763251244.6426,BTCUSDT,Buy,0.001,95574.00,ZeroPlusTick,a204f8f1-e354-5448-81c6-711c08b1df1a,9.5574e+09,0.001,95.574,0
1763251244.6426,BTCUSDT,Buy,0.005,95574.00,ZeroPlusTick,72982c85-6f76-535a-9e4e-eb9156cdaa54,4.7787e+10,0.005,477.87,0
1763251244.9244,BTCUSDT,Buy,0.001,95574.00,ZeroPlusTick,a736607b-95a5-55a3-bf16-e19f29e62a03,9.5574e+09,0.001,95.574,0
1763251246.5243,BTCUSDT,Buy,0.015,95574.00,ZeroPlusTick,56f12a35-f5fe-5a93-8874-b1e87523973a,1.43361e+11,0.015,1433.61,0
1763251246.5243,BTCUSDT,Buy,0.001,95574.00,ZeroPlusTick,2de7ebea-476f-5b52-8158-cee286e261e8,9.5574e+09,0.001,95.574,0
1763251246.5243,BTCUSDT,Buy,0.007,95574.00,ZeroPlusTick,3387fb49-c536-54cd-93c9-c2728ef5c8d0,6.69018e+10,0.007,669.018,0
1763251247.7669,BTCUSDT,Buy,0.003,95574.00,ZeroPlusTick,74b93d64-d81c-5d38-ae4e-35b8961de1ab,2.8672199999999996e+10,0.003,286.722,0
1763251247.8423,BTCUSDT,Sell,0.058,95573.90,MinusTick,c27649f4-2fc0-599d-8e34-5fafd714c35a,5.5432862e+11,0.058,5543.2862,0
1763251249.1971,BTCUSDT,Sell,0.003,95573.90,ZeroMinusTick,e674a22c-39d4-575e-8df3-9338e0de7d2f,2.867217e+10,0.003,286.7217,0
1763251251.3215,BTCUSDT,Sell,0.002,95573.90,ZeroMinusTick,11730f78-ce61-56cf-a1d0-26308f4cb4b1,1.911478e+10,0.002,191.1478,0
1763251251.3215,BTCUSDT,Sell,0.048,95573.90,ZeroMinusTick,703a7ec1-72d4-593b-ab5b-0906cd29e87e,4.5875472e+11,0.048,4587.5472,0
1763251253.6227,BTCUSDT,Buy,0.009,95574.00,PlusTick,f734c2f3-b82c-5929-a099-0341152d7c7c,8.60166e+10,0.009,860.1659999999999,0
1763251256.0443,BTCUSDT,Sell,0.006,95573.90,MinusTick,6074309a-2f59-5bb2-82f0-10c884322b7d,5.734434e+10,0.006,573.4434,0
1763251256.444,BTCUSDT,Buy,0.005,95574.00,PlusTick,b93c1b3f-fcc4-586c-94ac-a9b7cd5e05be,4.7787e+10,0.005,477.87,0
1763251256.8629,BTCUSDT,Sell,0.123,95573.90,MinusTick,d8b05cd4-2a4f-5d92-8eaf-7153223823bb,1.1755589699999998e+12,0.123,11755.589699999999,0
1763251256.8629,BTCUSDT,Sell,0.096,95573.90,ZeroMinusTick,3c3a9e3b-0b6d-52ee-a3ce-bb9d538d2286,9.1750944e+11,0.096,9175.0944,0
1763251256.8629,BTCUSDT,Sell,0.007,95573.90,ZeroMinusTick,c2627faf-fefd-53ff-a046-f864668ac338,6.690173e+10,0.007,669.0173,0
1763251256.8629,BTCUSDT,Sell,0.002,95573.90,ZeroMinusTick,ca9c862c-2909-581f-ad58-8cb8292408ba,1.911478e+10,0.002,191.1478,0
1763251256.8629,BTCUSDT,Sell,0.001,95573.90,ZeroMinusTick,e397db41-c33c-5649-b27a-45d90a6ff1e0,9.55739e+09,0.001,95.5739,0
1763251256.8629,BTCUSDT,Sell,0.209,95573.90,ZeroMinusTick,d4d96260-6c15-5387-96b2-ad5d8c451c44,1.9974945099999998e+12,0.209,19974.945099999997,0
1763251256.8629,BTCUSDT,Sell,0.016,95573.90,ZeroMinusTick,d71e6382-4b9a-5ab8-babe-2bbd181a6060,1.5291824e+11,0.016,1529.1824,0
1763251256.8629,BTCUSDT,Sell,0.002,95573.90,ZeroMinusTick,a8231c82-e1e9-5d38-b0d2-68ffd41c69cc,1.911478e+10,0.002,191.1478,0
1763251256.8629,BTCUSDT,Sell,0.17,95573.90,ZeroMinusTick,68293f07-c4ed-58b9-a33f-f16f01801a06,1.6247563e+12,0.17,16247.563,0
1763251256.8632,BTCUSDT,Sell,0.045,95573.90,ZeroMinusTick,0d548170-115c-5e34-a947-f237557b2a94,4.3008255e+11,0.045,4300.8255,0
1763251256.8632,BTCUSDT,Sell,0.907,95573.90,ZeroMinusTick,ae8a96ff-e9eb-5508-9bda-4bce77e0d082,8.66855273e+12,0.907,86685.5273,0
1763251256.8632,BTCUSDT,Sell,1.016,95573.90,ZeroMinusTick,333a429d-ac15-5bb7-9580-0b22bd093a90,9.71030824e+12,1.016,97103.0824,0
1763251256.8632,BTCUSDT,Sell,0.685,95573.90,ZeroMinusTick,781e0089-b3d2-5036-b874-939dae567de1,6.54681215e+12,0.685,65468.1215,0
1763251256.8632,BTCUSDT,Sell,0.014,95573.90,ZeroMinusTick,2c1daa4f-8912-5cff-938e-8efa974c7d99,1.3380346e+11,0.014,1338.0346,0
1763251256.8632,BTCUSDT,Sell,0.167,95573.90,ZeroMinusTick,404c8144-6376-5001-b846-f6f41ac3e812,1.59608413e+12,0.167,15960.8413,0
1763251256.8632,BTCUSDT,Sell,0.003,95573.90,ZeroMinusTick,ca30505e-02f0-5705-b3e3-b21959b7f281,2.867217e+10,0.003,286.7217,0
1763251256.8632,BTCUSDT,Sell,0.008,95573.90,ZeroMinusTick,29402776-7046-5d84-a02b-d1b217baa7ae,7.645912e+10,0.008,764.5912,0
1763251256.8632,BTCUSDT,Sell,0.005,95573.90,ZeroMinusTick,e2a601e8-8522-50e7-9d4a-18746eb15771,4.778694999999999e+10,0.005,477.86949999999996,0
1763251256.8632,BTCUSDT,Sell,0.104,95573.90,ZeroMinusTick,87006b00-e633-5a1f-a589-08012aab24dc,9.939685599999999e+11,0.104,9939.685599999999,0
1763251256.8632,BTCUSDT,Sell,0.23,95573.90,ZeroMinusTick,930e43ff-7ef8-5cee-b3d8-20f21539b1e4,2.1981997e+12,0.23,21981.997,0
1763251256.8632,BTCUSDT,Sell,0.002,95573.90,ZeroMinusTick,f73ca9f6-969f-506e-a391-a1eac9e6f795,1.911478e+10,0.002,191.1478,0
1763251256.8632,BTCUSDT,Sell,0.013,95573.90,ZeroMinusTick,7b2380c0-e422-5510-bd3d-0e22035b7760,1.2424606999999998e+11,0.013,1242.4606999999999,0
1763251256.8632,BTCUSDT,Sell,0.006,95573.90,ZeroMinusTick,d1b8601e-ab22-5f49-a086-0aff3a29d84e,5.734434e+10,0.006,573.4434,0
1763251256.8632,BTCUSDT,Sell,0.001,95573.90,ZeroMinusTick,6af410b7-085a-5328-bba6-abf9a6466114,9.55739e+09,0.001,95.5739,0
1763251256.8632,BTCUSDT,Sell,0.059,95573.90,ZeroMinusTick,94bc459d-fe80-5d4a-9493-4ba9ab9dbf2e,5.638860099999999e+11,0.059,5638.860099999999,0
1763251256.8632,BTCUSDT,Sell,0.029,95573.90,ZeroMinusTick,45add328-7048-5c85-b9fb-85e04cf56924,2.7716431e+11,0.029,2771.6431,0
1763251256.8632,BTCUSDT,Sell,0.016,95572.80,MinusTick,089bc908-abf9-529f-8ab5-99baf55bf7b9,1.5291648e+11,0.016,1529.1648,0
1763251256.8633,BTCUSDT,Sell,0.001,95572.00,MinusTick,10df1bd4-bd5e-5320-95de-e98c1e249bd2,9.5572e+09,0.001,95.572,0
1763251256.8633,BTCUSDT,Sell,0.005,95571.40,MinusTick,811eea31-b1f7-508c-b508-40b6091d441c,4.77857e+10,0.005,477.85699999999997,0
1763251256.8633,BTCUSDT,Sell,0.001,95570.00,MinusTick,af36343b-f912-555a-88b3-4c6f67485f4c,9.557e+09,0.001,95.57000000000001,0
1763251256.8633,BTCUSDT,Sell,0.001,95569.90,MinusTick,7b92416d-3fa5-53be-b1a0-af18a865a9aa,9.556989999999998e+09,0.001,95.56989999999999,0
1763251256.8633,BTCUSDT,Sell,0.001,95568.60,MinusTick,c8632069-c449-58bd-8b02-05882aa91787,9.55686e+09,0.001,95.5686,0
1763251256.8633,BTCUSDT,Sell,0.002,95568.40,MinusTick,e7011c89-fd28-57cb-be40-fe4508999072,1.911368e+10,0.002,191.1368,0
1763251256.8633,BTCUSDT,Sell,0.001,95567.10,MinusTick,1eef41b1-02d4-51b9-a643-93b4b85a1b9f,9.556710000000002e+09,0.001,95.56710000000001,0
1763251256.8633,BTCUSDT,Sell,0.001,95566.90,MinusTick,5b5a8882-82d1-5177-bbf7-ba0c330d5e3f,9.556689999999998e+09,0.001,95.56689999999999,0
1763251256.8675,BTCUSDT,Sell,0.004,95565.70,MinusTick,b0cde9c7-cb29-514a-b7f1-545e03fc9da8,3.822628e+10,0.004,382.26279999999997,0
1763251256.8675,BTCUSDT,Sell,0.004,95565.70,ZeroMinusTick,e4a90488-33df-5666-a569-367f7aede46e,3.822628e+10,0.004,382.26279999999997,0
1763251256.8675,BTCUSDT,Sell,0.004,95565.70,ZeroMinusTick,b8978cbf-6db3-5499-a655-7cb1eb6dac9f,3.822628e+10,0.004,382.26279999999997,0
1763251256.8675,BTCUSDT,Sell,0.004,95565.70,ZeroMinusTick,c83085a8-5e3c-5ef2-b58a-00ad23257ef5,3.822628e+10,0.004,382.26279999999997,0
1763251256.8675,BTCUSDT,Sell,0.004,95565.70,ZeroMinusTick,bd156943-32e0-5418-b2eb-d1b8327ad77a,3.822628e+10,0.004,382.26279999999997,0
1763251256.8675,BTCUSDT,Sell,0.005,95565.70,ZeroMinusTick,9481b7fb-0175-59e5-a28a-aa8cf8708e33,4.778285e+10,0.005,477.8285,0
1763251256.8675,BTCUSDT,Sell,0.005,95565.70,ZeroMinusTick,5eb2545c-4418-5faf-8c9e-82ec71803a74,4.778285e+10,0.005,477.8285,0
1763251256.8675,BTCUSDT,Sell,0.005,95564.70,MinusTick,60262979-1ff8-59e6-88cd-b78cff97a03c,4.778235e+10,0.005,477.82349999999997,0
1763251256.8675,BTCUSDT,Sell,0.003,95564.30,MinusTick,7f9f8538-f8b9-5705-bb29-fa7a0c3140a6,2.866929e+10,0.003,286.6929,0
1763251256.8675,BTCUSDT,Sell,0.001,95564.20,MinusTick,34f2ef37-337b-52a9-bf93-3e9afb2aa804,9.55642e+09,0.001,95.5642,0
1763251256.868,BTCUSDT,Sell,0.018,95565.70,PlusTick,a150b0e2-2d8a-5c0e-9ed3-fcddd5794dad,1.7201826e+11,0.018,1720.1825999999999,0
1763251256.8699,BTCUSDT,Buy,0.006,95565.80,PlusTick,4ecc52bd-c011-5c45-9c44-5ae3da32c095,5.733948e+10,0.006,573.3948,0
1763251256.8709,BTCUSDT,Sell,0.027,95565.70,MinusTick,a51dbb2b-41c6-5fa1-a74b-217e2afe5c57,2.5802738999999997e+11,0.027,2580.2738999999997,0
1763251256.8709,BTCUSDT,Sell,0.027,95565.70,ZeroMinusTick,91577091-8cbf-5b04-b781-9b918a1f6cc8,2.5802738999999997e+11,0.027,2580.2738999999997,0
1763251256.8712,BTCUSDT,Sell,0.027,95565.70,ZeroMinusTick,07260555-d4d8-5ea1-ae59-d7e86d1390cc,2.5802738999999997e+11,0.027,2580.2738999999997,0
1763251256.872,BTCUSDT,Sell,0.027,95565.70,ZeroMinusTick,2960d68c-5438-5464-9e65-022f86902718,2.5802738999999997e+11,0.027,2580.2738999999997,0
1763251256.8739,BTCUSDT,Sell,0.006,95565.70,ZeroMinusTick,7e5ba44a-09f1-5175-bf52-1387e34d2053,5.733941999999999e+10,0.006,573.3942,0
1763251256.874,BTCUSDT,Sell,0.003,95565.70,ZeroMinusTick,8ad775f1-eb25-5d3d-b8d5-ca31a91b5cfb,2.8669709999999996e+10,0.003,286.6971,0
1763251256.8746,BTCUSDT,Buy,0.002,95565.80,PlusTick,1fbc43de-d058-5c65-b48c-27d438ff0a53,1.9113160000000004e+10,0.002,191.13160000000002,0
1763251256.9321,BTCUSDT,Sell,0.058,95565.70,MinusTick,d2b78da7-cf00-5ab0-92a8-2cea0691b083,5.5428106e+11,0.058,5542.8106,0
1763251256.9324,BTCUSDT,Sell,0.025,95565.70,ZeroMinusTick,48e8867a-a295-5084-ac1a-8c128d858b9e,2.3891425e+11,0.025,2389.1425,0
1763251256.9324,BTCUSDT,Sell,0.007,95565.70,ZeroMinusTick,15b38bc9-df7f-5b38-a0ca-ff54631bbe02,6.689598999999999e+10,0.007,668.9599,0
1763251256.9324,BTCUSDT,Sell,0.009,95565.70,ZeroMinusTick,a17d3b20-cb1b-5b45-9940-6f98ececab3a,8.600913e+10,0.009,860.0912999999999,0
1763251256.9324,BTCUSDT,Sell,0.001,95565.70,ZeroMinusTick,a3a70dc3-7308-59e9-9bc9-9282db1c8a7d,9.55657e+09,0.001,95.56569999999999,0
1763251256.9324,BTCUSDT,Sell,0.001,95565.70,ZeroMinusTick,21090a0e-9c75-5f28-971a-3ed26646b8bb,9.55657e+09,0.001,95.56569999999999,0
1763251256.9332,BTCUSDT,Sell,0.001,95563.80,MinusTick,9f81479e-9778-5264-9080-a1095fd7517f,9.55638e+09,0.001,95.5638,0
1763251256.9332,BTCUSDT,Sell,0.007,95563.30,MinusTick,1f22f201-21e4-5fe5-8e6b-303345069251,6.689431000000001e+10,0.007,668.9431000000001,0
1763251257.0185,BTCUSDT,Sell,0.001,95563.30,ZeroMinusTick,d28e379f-86e0-5ca4-93cd-04c138a6f2a4,9.55633e+09,0.001,95.5633,0
1763251257.0185,BTCUSDT,Sell,0.001,95563.30,ZeroMinusTick,d1fcc98c-a53c-5b3b-b4c1-dc9b52b93727,9.55633e+09,0.001,95.5633,0
1763251257.0185,BTCUSDT,Sell,0.003,95563.30,ZeroMinusTick,4e334b1b-86be-5105-822d-8d4d8471d5e5,2.8668990000000004e+10,0.003,286.6899,0
1763251257.0185,BTCUSDT,Sell,0.002,95562.70,MinusTick,2b848340-815a-527a-bba2-1c63260011f6,1.911254e+10,0.002,191.12539999999998,0
1763251257.0238,BTCUSDT,Sell,0.001,95561.70,MinusTick,7d6e6a24-2115-5ab5-b6b0-1dc30055c567,9.55617e+09,0.001,95.5617,0
1763251257.0238,BTCUSDT,Sell,0.001,95561.70,ZeroMinusTick,a451028d-76d0-5067-ac40-d6e8629620fd,9.55617e+09,0.001,95.5617,0
1763251257.0238,BTCUSDT,Sell,0.002,95560.70,MinusTick,0dd33f92-a3d7-5df1-81a0-b1ec5fd71293,1.911214e+10,0.002,191.1214,0
1763251257.037,BTCUSDT,Sell,0.001,95560.40,MinusTick,17a54113-dc2f-5446-b0c6-3a89ebd7fb70,9.55604e+09,0.001,95.5604,0
1763251257.037,BTCUSDT,Sell,0.001,95560.40,ZeroMinusTick,de987416-514c-5553-bb0f-cf60dccf8776,9.55604e+09,0.001,95.5604,0
1763251257.3276,BTCUSDT,Sell,0.001,95560.00,MinusTick,a12acab0-beff-575f-a2ab-e334a5f53205,9.556e+09,0.001,95.56,0
1763251257.3276,BTCUSDT,Sell,0.001,95560.00,ZeroMinusTick,e730dcbb-1e1b-5e0d-9562-db84d55f69b1,9.556e+09,0.001,95.56,0
1763251257.3276,BTCUSDT,Sell,0.001,95560.00,ZeroMinusTick,cf339a94-5bd4-5f76-b833-a908d85aa8e7,9.556e+09,0.001,95.56,0
1763251258.7243,BTCUSDT,Sell,0.02,95560.00,ZeroMinusTick,abbd5588-7aff-59f3-8544-500b6f7187d6,1.9112e+11,0.02,1911.2,0
1763251259.0579,BTCUSDT,Sell,0.029,95560.00,ZeroMinusTick,fa4692de-a520-5e12-967d-7790f11783d2,2.77124e+11,0.029,2771.2400000000002,0
1763251259.0579,BTCUSDT,Sell,0.001,95560.00,ZeroMinusTick,85cfa588-a6e5-5cf8-b509-769d0a2e3cc0,9.556e+09,0.001,95.56,0
1763251259.0579,BTCUSDT,Sell,0.001,95560.00,ZeroMinusTick,bfe9c6e9-cd19-5cb1-9373-49729cce918e,9.556e+09,0.001,95.56,0
1763251259.0579,BTCUSDT,Sell,0.026,95560.00,ZeroMinusTick,3b1e37f7-4919-5209-a80f-5eabcef1de27,2.48456e+11,0.026,2484.56,0
1763251259.4402,BTCUSDT,Buy,0.026,95560.10,PlusTick,3b0f6a19-c9a2-5350-80b1-416d5b68cbff,2.4845626000000003e+11,0.026,2484.5626,0
1763251260.2717,BTCUSDT,Sell,0.11,95560.00,MinusTick,dc0418d4-75f7-5f47-a324-c6131bf244b2,1.05116e+12,0.11,10511.6,0
1763251260.8768,BTCUSDT,Buy,0.001,95560.10,PlusTick,4b3ed5f0-05ff-5ed8-b07a-9592755dab6c,9.55601e+09,0.001,95.5601,0
1763251261.3683,BTCUSDT,Buy,0.001,95560.10,ZeroPlusTick,26373ac7-5f4a-5233-b32c-8542e8e251a6,9.55601e+09,0.001,95.5601,0
1763251261.3683,BTCUSDT,Buy,0.001,95560.10,ZeroPlusTick,d752cbc8-fdbd-571a-a90c-6bfd2292b201,9.55601e+09,0.001,95.5601,0
1763251261.3683,BTCUSDT,Buy,0.001,95560.10,ZeroPlusTick,e0bee273-2db8-56bf-a309-a438df05ca51,9.55601e+09,0.001,95.5601,0
1763251261.3683,BTCUSDT,Buy,0.002,95560.10,ZeroPlusTick,e62dc88f-1e51-5643-9053-8e0bf90973c4,1.911202e+10,0.002,191.1202,0
1763251261.3683,BTCUSDT,Buy,0.007,95560.10,ZeroPlusTick,75b67e43-62fe-5071-9ae8-8503080b8d2e,6.689207e+10,0.007,668.9207,0
1763251261.3683,BTCUSDT,Buy,0.004,95560.10,ZeroPlusTick,0bde0488-5f7c-5b95-8a52-cfb7c0ad9e7b,3.822404e+10,0.004,382.2404,0
1763251261.3768,BTCUSDT,Buy,0.002,95560.30,PlusTick,2821afd4-b654-5b68-8c2d-99a696a49c5b,1.911206e+10,0.002,191.1206,0
1763251261.3768,BTCUSDT,Buy,0.001,95560.30,ZeroPlusTick,b66aba46-5bf1-5d7b-94e8-a2bcfaa32a7a,9.55603e+09,0.001,95.5603,0
1763251261.3768,BTCUSDT,Buy,0.001,95560.50,PlusTick,26668036-01d0-5ff6-95e1-312553a64ea6,9.55605e+09,0.001,95.5605,0
1763251261.3768,BTCUSDT,Buy,0.002,95562.60,PlusTick,5295432c-4247-5405-8c37-0b3cfcb5d8e1,1.911252e+10,0.002,191.1252,0
1763251261.3768,BTCUSDT,Buy,0.001,95563.40,PlusTick,e731a2ee-385c-574e-966b-8a2280a2edcf,9.55634e+09,0.001,95.5634,0
1763251261.3805,BTCUSDT,Buy,0.001,95564.80,PlusTick,517c1b69-dcde-53b0-8423-bfd46726877c,9.55648e+09,0.001,95.5648,0
1763251261.3805,BTCUSDT,Buy,0.01,95565.60,PlusTick,c2a043a3-47a6-5e12-a288-416b90d74471,9.55656e+10,0.01,955.6560000000001,0
1763251261.3805,BTCUSDT,Buy,0.001,95566.80,PlusTick,72df0cef-11d6-59e7-8161-639677ed3825,9.55668e+09,0.001,95.5668,0
1763251261.3805,BTCUSDT,Buy,0.001,95566.90,PlusTick,149e14d5-599e-5663-9593-920cf0d1a260,9.556689999999998e+09,0.001,95.56689999999999,0
1763251261.456,BTCUSDT,Buy,0.001,95567.50,PlusTick,6783827c-50e7-59dd-85cb-f4efb5d68cc5,9.55675e+09,0.001,95.5675,0
1763251261.456,BTCUSDT,Buy,0.005,95567.50,ZeroPlusTick,8d7c3996-99d2-574a-a882-37a1e4e82f56,4.778375e+10,0.005,477.83750000000003,0
1763251261.4772,BTCUSDT,Buy,0.001,95567.50,ZeroPlusTick,47072b81-05e8-5f7d-8e4e-47effbf1c80b,9.55675e+09,0.001,95.5675,0
1763251261.4772,BTCUSDT,Buy,0.001,95567.50,ZeroPlusTick,e6d3f1b0-3af1-5146-8799-7a158b634781,9.55675e+09,0.001,95.5675,0
1763251261.4772,BTCUSDT,Buy,0.001,95567.50,ZeroPlusTick,c4708486-ae42-5e94-8a2f-7212b783178c,9.55675e+09,0.001,95.5675,0
1763251261.4772,BTCUSDT,Buy,0.001,95567.50,ZeroPlusTick,8d4ad516-8ed7-5548-ad36-18ee3a2212fb,9.55675e+09,0.001,95.5675,0
1763251261.4772,BTCUSDT,Buy,0.001,95568.50,PlusTick,1c2cba88-f195-5b4f-9580-0f6880920b91,9.55685e+09,0.001,95.5685,0
1763251261.4868,BTCUSDT,Buy,0.004,95568.60,PlusTick,44803581-b692-5a83-9df1-d2c4f9a771de,3.822744e+10,0.004,382.2744,0
1763251261.4868,BTCUSDT,Buy,0.001,95568.60,ZeroPlusTick,f531d762-a0da-52b5-a028-f1023b641093,9.55686e+09,0.001,95.5686,0
1763251261.562,BTCUSDT,Buy,0.004,95569.30,PlusTick,0775413c-eac0-5ff4-8658-296f5fa79070,3.822772e+10,0.004,382.2772,0
1763251261.562,BTCUSDT,Buy,0.001,95569.30,ZeroPlusTick,dc85341a-3cc8-5f6e-81a1-3f101aa952c1,9.55693e+09,0.001,95.5693,0
1763251261.562,BTCUSDT,Buy,0.001,95570.00,PlusTick,63c3a3ca-3162-5374-a2d1-1b894929ec93,9.557e+09,0.001,95.57000000000001,0
1763251261.562,BTCUSDT,Buy,0.001,95570.60,PlusTick,51722ec4-a900-5be4-9186-f6ffc1ea567e,9.557060000000002e+09,0.001,95.57060000000001,0
1763251261.6173,BTCUSDT,Buy,0.002,95570.80,PlusTick,1a2d7618-14bc-529b-9fb9-797735a370d2,1.911416e+10,0.002,191.1416,0
1763251261.6173,BTCUSDT,Buy,0.001,95570.80,ZeroPlusTick,54d17e44-a83a-5055-a1bf-2b0bbc1f5c11,9.55708e+09,0.001,95.5708,0
1763251261.6173,BTCUSDT,Buy,0.001,95570.80,ZeroPlusTick,f2407171-2f6f-585e-9e05-edd9025e60e8,9.55708e+09,0.001,95.5708,0
1763251262.147,BTCUSDT,Buy,0.001,95571.90,PlusTick,8eda0c53-252e-515f-bdcc-459e674259fd,9.55719e+09,0.001,95.5719,0
1763251262.147,BTCUSDT,Buy,0.002,95571.90,ZeroPlusTick,ab3f9054-ad64-5911-aa68-3ebb727665ef,1.911438e+10,0.002,191.1438,0
1763251262.147,BTCUSDT,Buy,0.001,95572.60,PlusTick,c18494b4-7743-5648-9dca-a6bab8c65c61,9.55726e+09,0.001,95.57260000000001,0
1763251262.147,BTCUSDT,Buy,0.001,95572.90,PlusTick,c5508677-cd8f-5500-a5f6-e4572882f8b2,9.557289999999998e+09,0.001,95.57289999999999,0
1763251262.157,BTCUSDT,Buy,0.004,95573.80,PlusTick,cf5c695c-4cc1-5600-b13f-9ec7619d8a03,3.822952e+10,0.004,382.2952,0
1763251262.157,BTCUSDT,Buy,0.001,95573.80,ZeroPlusTick,94736fd0-0d0c-5df3-9990-ab86820f2614,9.55738e+09,0.001,95.5738,0
1763251263.9427,BTCUSDT,Buy,0.052,95574.00,PlusTick,e0216b5f-48ab-521b-bd03-7c3ebeadb94e,4.969848e+11,0.052,4969.848,0
1763251264.3587,BTCUSDT,Buy,0.01,95574.00,ZeroPlusTick,2edf937d-a0d5-5019-bc3f-3be7cc5f1510,9.5574e+10,0.01,955.74,0
1763251264.7395,BTCUSDT,Buy,0.01,95574.00,ZeroPlusTick,4c9f065c-84a8-5548-99d5-75966cdf3f90,9.5574e+10,0.01,955.74,0
1763251265.8595,BTCUSDT,Buy,0.028,95574.00,ZeroPlusTick,83688f8a-969b-5d4c-be54-89272501f91d,2.676072e+11,0.028,2676.072,0
1763251265.8595,BTCUSDT,Buy,0.001,95574.00,ZeroPlusTick,695ec36e-fc8d-5dee-a373-fc5484537fea,9.5574e+09,0.001,95.574,0
1763251265.8595,BTCUSDT,Buy,0.002,95574.00,ZeroPlusTick,4f9da04b-d2bc-55dc-b239-e00fb9fc2dc0,1.91148e+10,0.002,191.148,0
1763251265.8595,BTCUSDT,Buy,0.001,95574.00,ZeroPlusTick,8bc69339-b6ba-523f-a946-92069444de77,9.5574e+09,0.001,95.574,0
1763251265.8595,BTCUSDT,Buy,0.001,95574.00,ZeroPlusTick,4b839303-6036-5552-8121-8b68c8fb7c6b,9.5574e+09,0.001,95.574,0
1763251265.8943,BTCUSDT,Buy,0.014,95574.00,ZeroPlusTick,ab6a571e-3b0f-5bf7-a796-15bffa2a48b2,1.338036e+11,0.014,1338.036,0
1763251265.9414,BTCUSDT,Buy,0.145,95574.00,ZeroPlusTick,ee2978cb-d0b6-5d72-8a3e-4335af140173,1.385823e+12,0.145,13858.23,0
1763251265.9529,BTCUSDT,Buy,0.016,95574.00,ZeroPlusTick,03c41ae8-8890-5622-8ce2-32d04cf150d0,1.529184e+11,0.016,1529.184,0
1763251265.9531,BTCUSDT,Buy,0.035,95574.00,ZeroPlusTick,cc5bd699-1da6-5fed-931f-0bccd370a578,3.34509e+11,0.035,3345.09,0
1763251265.9531,BTCUSDT,Buy,0.001,95574.00,ZeroPlusTick,cbaf13f0-9b69-5383-9906-b9dee3e27410,9.5574e+09,0.001,95.574,0
1763251265.9531,BTCUSDT,Buy,0.002,95574.00,ZeroPlusTick,9b99bca6-f3be-515b-9698-2dae55dd727e,1.91148e+10,0.002,191.148,0
1763251265.9588,BTCUSDT,Buy,0.001,95575.20,PlusTick,a4d5db85-7bb1-51eb-a064-fbc921703a6e,9.55752e+09,0.001,95.5752,0
1763251265.9594,BTCUSDT,Buy,0.001,95575.20,ZeroPlusTick,b2007b6b-d627-5427-b598-8466a8bc2424,9.55752e+09,0.001,95.5752,0
1763251265.9594,BTCUSDT,Buy,0.002,95575.90,PlusTick,001ead19-2ea6-519b-8d43-69273da0d276,1.9115179999999996e+10,0.002,191.15179999999998,0
1763251265.9594,BTCUSDT,Buy,0.001,95576.60,PlusTick,f9515c6b-cc50-5e32-8d4f-cbb40bb5d090,9.557660000000002e+09,0.001,95.57660000000001,0
1763251265.9594,BTCUSDT,Buy,0.001,95576.90,PlusTick,b2b5eb57-1de0-5aa5-b79a-2c9b197cb7e8,9.55769e+09,0.001,95.5769,0
1763251265.9621,BTCUSDT,Buy,0.001,95576.90,ZeroPlusTick,42fd6ea3-9d60-5e63-b68c-509ab40e125d,9.55769e+09,0.001,95.5769,0
1763251266.1508,BTCUSDT,Buy,0.001,95577.30,PlusTick,940d2100-d3b6-5e2b-87b1-f7793f4bb735,9.55773e+09,0.001,95.57730000000001,0
1763251266.1508,BTCUSDT,Buy,0.002,95577.80,PlusTick,5e7f24d2-84e0-530d-8e28-e8bfbeaaf4b4,1.9115560000000004e+10,0.002,191.15560000000002,0
1763251266.1508,BTCUSDT,Buy,0.001,95578.00,PlusTick,88fcb35c-ec8c-5ebd-8015-2caaaf37c447,9.5578e+09,0.001,95.578,0
1763251266.1508,BTCUSDT,Buy,0.002,95578.80,PlusTick,4dac32ec-a425-5dc7-8f24-68954d4efc61,1.911576e+10,0.002,191.1576,0
1763251266.1549,BTCUSDT,Buy,0.003,95579.30,PlusTick,902667be-53c8-571a-be47-c7ad72000e4e,2.8673790000000004e+10,0.003,286.7379,0
1763251266.1667,BTCUSDT,Buy,0.001,95580.00,PlusTick,5e1890d8-09e6-5b8a-b78c-f2e4018ecd71,9.558e+09,0.001,95.58,0
1763251266.1667,BTCUSDT,Buy,0.001,95580.00,ZeroPlusTick,a5873138-9448-5784-8a78-f622c31b449d,9.558e+09,0.001,95.58,0
1763251266.1667,BTCUSDT,Buy,0.001,95580.00,ZeroPlusTick,dcc455ba-2d0a-58cc-841e-50f5901e9e28,9.558e+09,0.001,95.58,0
1763251266.1667,BTCUSDT,Buy,0.001,95580.00,ZeroPlusTick,069d39a4-9b1c-50d5-acd1-5fb34deabfc0,9.558e+09,0.001,95.58,0
1763251266.1667,BTCUSDT,Buy,0.001,95580.80,PlusTick,5b15bb86-9969-51e3-acd3-4433ae4db736,9.558080000000002e+09,0.001,95.58080000000001,0
1763251267.2491,BTCUSDT,Buy,0.001,95581.00,PlusTick,7cd6eed8-3e5c-5a7f-83c5-021b9e7fdd46,9.5581e+09,0.001,95.581,0
1763251268.51,BTCUSDT,Buy,0.099,95581.00,ZeroPlusTick,444f80a7-40e2-5da2-a3f5-5394a311a036,9.462519e+11,0.099,9462.519,0
1763251268.51,BTCUSDT,Buy,0.002,95581.00,ZeroPlusTick,b05ba42c-1415-552d-8152-7bba1cf6c4b0,1.91162e+10,0.002,191.162,0
1763251268.51,BTCUSDT,Buy,0.001,95581.00,ZeroPlusTick,8eed4446-8fe7-550d-9c0d-0566d687aa9e,9.5581e+09,0.001,95.581,0
1763251268.51,BTCUSDT,Buy,0.001,95581.00,ZeroPlusTick,19ab89a9-bce6-51e9-b135-cd216bbc2c4e,9.5581e+09,0.001,95.581,0
1763251268.51,BTCUSDT,Buy,0.001,95581.20,PlusTick,5c8ce060-108b-531f-8619-e7d8afc98378,9.55812e+09,0.001,95.5812,0
1763251268.51,BTCUSDT,Buy,0.001,95581.20,ZeroPlusTick,031de176-125e-5931-8a4e-b5c8a3e90a85,9.55812e+09,0.001,95.5812,0
1763251268.51,BTCUSDT,Buy,0.002,95581.60,PlusTick,0192c10d-2aa4-59fd-9a43-87d240eb6fb2,1.911632e+10,0.002,191.16320000000002,0
1763251268.51,BTCUSDT,Buy,0.006,95581.70,PlusTick,11bd5996-10aa-5bc4-a172-fe1f6a853d10,5.734901999999999e+10,0.006,573.4902,0
1763251268.51,BTCUSDT,Buy,0.026,95582.70,PlusTick,f90e1192-2948-5fa6-83cd-12ea405dc68e,2.4851501999999997e+11,0.026,2485.1501999999996,0
1763251268.51,BTCUSDT,Buy,0.005,95583.00,PlusTick,f81bbccc-4a28-5c73-96fb-468ba5e14a81,4.77915e+10,0.005,477.915,0
1763251268.51,BTCUSDT,Buy,0.005,95583.00,ZeroPlusTick,67a744b5-d0ac-5a6a-b217-b60d9c59c433,4.77915e+10,0.005,477.915,0
1763251268.51,BTCUSDT,Buy,0.001,95583.10,PlusTick,492e8a9e-d04d-5bb1-8f0a-89d65964c090,9.55831e+09,0.001,95.5831,0
1763251268.51,BTCUSDT,Buy,0.001,95583.60,PlusTick,4bb78c57-b561-5e2c-af23-9209bc2f1274,9.55836e+09,0.001,95.5836,0
1763251268.51,BTCUSDT,Buy,0.006,95584.60,PlusTick,ff9054cd-df57-5919-ae3a-79497ea22905,5.735076e+10,0.006,573.5076,0
1763251268.51,BTCUSDT,Buy,0.004,95584.80,PlusTick,2cad1d58-d0df-505a-bd0b-920279a34b4a,3.823392e+10,0.004,382.3392,0
1763251268.51,BTCUSDT,Buy,0.001,95585.00,PlusTick,6eb5c47b-f41d-5c0f-b67d-a9408ddd2ab9,9.5585e+09,0.001,95.58500000000001,0
1763251268.51,BTCUSDT,Buy,0.001,95585.40,PlusTick,c1f74840-548e-50e7-85d7-7bb59e478d68,9.55854e+09,0.001,95.58539999999999,0
1763251268.51,BTCUSDT,Buy,0.01,95585.50,PlusTick,d8177325-6a24-592c-8706-382e95b354b3,9.55855e+10,0.01,955.855,0
1763251268.51,BTCUSDT,Buy,0.001,95585.60,PlusTick,59474784-82aa-5f2d-ba27-3bcf3bb46269,9.558560000000002e+09,0.001,95.58560000000001,0
1763251268.51,BTCUSDT,Buy,0.002,95585.90,PlusTick,91b9049a-2e64-570a-9361-ac6ffc5d4808,1.911718e+10,0.002,191.1718,0
1763251268.51,BTCUSDT,Buy,0.001,95586.10,PlusTick,dcf45956-6a48-5cae-bb7d-570318e9ca8a,9.55861e+09,0.001,95.5861,0
1763251268.51,BTCUSDT,Buy,0.004,95586.30,PlusTick,f23aefe8-773a-53d8-9087-bab3428e4509,3.823452e+10,0.004,382.34520000000003,0
1763251268.51,BTCUSDT,Buy,0.004,95586.30,ZeroPlusTick,320d1ef2-a92d-5fb8-b6d1-36ea7fd4bd72,3.823452e+10,0.004,382.34520000000003,0
1763251268.51,BTCUSDT,Buy,0.004,95586.40,PlusTick,d689ca97-8530-5049-88b8-cdf8d29388cd,3.823456e+10,0.004,382.3456,0
1763251268.51,BTCUSDT,Buy,0.004,95586.50,PlusTick,97a2cd0a-00df-5c9d-9af1-808266a0a4b6,3.82346e+10,0.004,382.346,0
1763251268.51,BTCUSDT,Buy,0.004,95586.50,ZeroPlusTick,b91c2537-0f05-5687-9d2b-f08bf321f018,3.82346e+10,0.004,382.346,0
1763251268.51,BTCUSDT,Buy,0.004,95586.60,PlusTick,33074814-afda-529e-bdb0-d8052ab7434b,3.823464e+10,0.004,382.3464,0
1763251268.51,BTCUSDT,Buy,0.004,95587.10,PlusTick,f25f44ea-9197-5032-aeb2-1729476430cb,3.823484e+10,0.004,382.3484,0
1763251268.51,BTCUSDT,Buy,0.001,95587.40,PlusTick,25c23b9d-3cf0-5840-a512-ae14cf8d8f92,9.55874e+09,0.001,95.5874,0
1763251268.51,BTCUSDT,Buy,0.004,95587.40,ZeroPlusTick,6a029baa-9332-5f5c-a758-451878c03fba,3.823496e+10,0.004,382.3496,0
1763251268.51,BTCUSDT,Buy,0.04,95587.50,PlusTick,e7789bf4-777e-525b-8f02-1fe64d7f88d5,3.8235e+11,0.04,3823.5,0
1763251268.5266,BTCUSDT,Buy,0.001,95587.50,ZeroPlusTick,1b109e5f-d0cb-5ec2-bbdb-181dbe2538e8,9.55875e+09,0.001,95.5875,0
1763251268.5266,BTCUSDT,Buy,0.001,95587.50,ZeroPlusTick,024df4a8-187a-5629-a40b-d12b8969ddfd,9.55875e+09,0.001,95.5875,0
1763251268.646,BTCUSDT,Buy,0.004,95587.60,PlusTick,63ee01a2-8a5a-5392-a5f9-8b2a6fd2c50f,3.823504e+10,0.004,382.35040000000004,0
1763251268.646,BTCUSDT,Buy,0.001,95587.60,ZeroPlusTick,93e09e5e-6964-5b1a-b081-eaec1faadacb,9.55876e+09,0.001,95.58760000000001,0
1763251268.646,BTCUSDT,Buy,0.001,95587.60,ZeroPlusTick,c28b7716-f46d-595d-84e9-c286a0ca2b42,9.55876e+09,0.001,95.58760000000001,0
1763251268.9413,BTCUSDT,Buy,0.002,95587.70,PlusTick,afb965d2-a7ce-57b5-9358-376aafa90342,1.911754e+10,0.002,191.1754,0
1763251269.11,BTCUSDT,Buy,0.002,95587.70,ZeroPlusTick,d5115474-fd58-5d86-a8e9-12d815b29cc4,1.911754e+10,0.002,191.1754,0
1763251269.1252,BTCUSDT,Buy,0.001,95587.70,ZeroPlusTick,4fb83ce6-1f36-5ce3-92f1-d1c3d994b82c,9.55877e+09,0.001,95.5877,0
1763251269.1252,BTCUSDT,Buy,0.002,95587.70,ZeroPlusTick,83155ad2-04f8-5f1c-8033-a34ae35defc6,1.911754e+10,0.002,191.1754,0
1763251269.649,BTCUSDT,Buy,0.003,95587.70,ZeroPlusTick,2846ec88-f685-5bb3-80ad-b54c6d7cb314,2.867631e+10,0.003,286.7631,0
1763251269.649,BTCUSDT,Buy,0.001,95587.70,ZeroPlusTick,055bc483-342d-5aa4-9a91-48bcd309a166,9.55877e+09,0.001,95.5877,0
1763251269.649,BTCUSDT,Buy,0.001,95587.70,ZeroPlusTick,9a6f64be-6290-5a5a-b838-afdfec530d79,9.55877e+09,0.001,95.5877,0
1763251269.649,BTCUSDT,Buy,0.001,95587.70,ZeroPlusTick,3ed8995f-6a97-571f-bff0-0d873653ab85,9.55877e+09,0.001,95.5877,0
1763251269.6572,BTCUSDT,Buy,0.001,95588.10,PlusTick,209c3d70-231f-5a15-a08f-f6ee45b798f9,9.558810000000002e+09,0.001,95.58810000000001,0
1763251269.6572,BTCUSDT,Buy,0.001,95588.10,ZeroPlusTick,22641453-4547-51a3-985e-886ed39bdc0c,9.558810000000002e+09,0.001,95.58810000000001,0
1763251269.6572,BTCUSDT,Buy,0.003,95588.80,PlusTick,6a95dd61-8d1a-5975-b5d1-dd6b553cb7f8,2.8676640000000004e+10,0.003,286.76640000000003,0
1763251269.6572,BTCUSDT,Buy,0.001,95589.20,PlusTick,f5d77cda-5da4-5f6b-b993-aa086ca8e22a,9.55892e+09,0.001,95.5892,0
1763251269.6572,BTCUSDT,Buy,0.001,95589.20,ZeroPlusTick,0e49ba5f-afc9-52df-88e5-906308143655,9.55892e+09,0.001,95.5892,0
1763251269.7496,BTCUSDT,Buy,0.001,95590.00,PlusTick,8d2bee71-91f1-5c6b-8210-e2aad8ba4b15,9.559e+09,0.001,95.59,0
1763251269.7496,BTCUSDT,Buy,0.001,95590.00,ZeroPlusTick,6e1eec1f-5111-55ce-b08d-6d21db13a518,9.559e+09,0.001,95.59,0
1763251269.7496,BTCUSDT,Buy,0.1,95590.00,ZeroPlusTick,242a1d35-1fce-55cc-a8de-d74297fa1a5b,9.559e+11,0.1,9559,0
1763251269.7496,BTCUSDT,Buy,0.001,95590.00,ZeroPlusTick,968a27c4-54bd-59be-8ceb-9712d029c98d,9.559e+09,0.001,95.59,0
1763251269.7496,BTCUSDT,Buy,0.001,95590.10,PlusTick,b710c825-3b6e-51c4-baf6-0cbf3197caf5,9.55901e+09,0.001,95.5901,0
1763251269.7496,BTCUSDT,Buy,0.043,95590.50,PlusTick,2c40bd50-8dcc-53b5-9703-0f10acd67220,4.1103915e+11,0.043,4110.3915,0
1763251269.7496,BTCUSDT,Buy,0.004,95590.50,ZeroPlusTick,06b3380e-3f21-5832-87ce-964b5ed42f4d,3.82362e+10,0.004,382.362,0
1763251269.7496,BTCUSDT,Buy,0.001,95592.00,PlusTick,36b420bb-04f2-5527-a44b-97d446e12a19,9.5592e+09,0.001,95.592,0
1763251269.755,BTCUSDT,Buy,0.001,95592.50,PlusTick,55a579c7-ea4f-50c9-9fc1-321457c31376,9.55925e+09,0.001,95.5925,0
1763251269.755,BTCUSDT,Buy,0.001,95594.40,PlusTick,f08c123e-6ebc-509e-8494-07f49337f80b,9.55944e+09,0.001,95.5944,0
1763251269.755,BTCUSDT,Buy,0.001,95594.50,PlusTick,7077e432-eaee-5810-a5c2-f38627b625ef,9.55945e+09,0.001,95.5945,0
1763251269.755,BTCUSDT,Buy,0.001,95595.00,PlusTick,f4a64beb-d3bc-5a9f-abe7-4ab8ea752da9,9.5595e+09,0.001,95.595,0
1763251269.755,BTCUSDT,Buy,0.001,95595.00,ZeroPlusTick,4d42f287-6ed2-58ea-8a02-5e4f02d22429,9.5595e+09,0.001,95.595,0
1763251269.7618,BTCUSDT,Buy,0.001,95595.50,PlusTick,874aae3d-226d-5ce8-a3c5-6d8b4c1b13ee,9.55955e+09,0.001,95.5955,0
1763251270.4684,BTCUSDT,Buy,0.25,95596.90,PlusTick,d088a245-670d-5786-aeba-66d666696ad9,2.3899225e+12,0.25,23899.225,0
1763251271.6271,BTCUSDT,Buy,0.002,95596.90,ZeroPlusTick,9262d4bc-d975-5de7-a4de-1481c2364515,1.911938e+10,0.002,191.19379999999998,0
1763251271.8066,BTCUSDT,Sell,0.001,95596.80,MinusTick,80a02104-2011-58ce-bcb8-7deacd439a41,9.55968e+09,0.001,95.5968,0
1763251272.2289,BTCUSDT,Sell,0.001,95596.80,ZeroMinusTick,9d18a46c-51aa-52b9-933c-5b8502c3e9d0,9.55968e+09,0.001,95.5968,0
1763251272.2289,BTCUSDT,Sell,0.001,95596.80,ZeroMinusTick,a3fd3136-874d-5df1-9e7a-0f05cc96417e,9.55968e+09,0.001,95.5968,0
1763251273.6642,BTCUSDT,Sell,0.002,95596.80,ZeroMinusTick,b84bd9ab-449d-5c42-8986-c32a73c17279,1.911936e+10,0.002,191.1936,0
1763251274.8399,BTCUSDT,Sell,0.002,95596.80,ZeroMinusTick,4d0a7819-6f77-5b45-b6e6-651e16ed78b6,1.911936e+10,0.002,191.1936,0
1763251275.9278,BTCUSDT,Sell,0.002,95596.80,ZeroMinusTick,094f67c1-5374-58e6-af73-b2d8e21d3c8b,1.911936e+10,0.002,191.1936,0
1763251276.7709,BTCUSDT,Buy,0.001,95596.90,PlusTick,7ed11746-d90b-50c4-a608-552a579253bc,9.55969e+09,0.001,95.59689999999999,0
1763251276.9412,BTCUSDT,Sell,0.01,95596.80,MinusTick,694871ff-9028-5803-89a7-eda4f06c5518,9.55968e+10,0.01,955.9680000000001,0
1763251277.0379,BTCUSDT,Sell,0.002,95596.80,ZeroMinusTick,874e148e-2cd2-5efd-a39f-54234143c8c3,1.911936e+10,0.002,191.1936,0
1763251277.0443,BTCUSDT,Buy,0.267,95596.90,PlusTick,5889119b-3108-5c09-ab46-0f43154d3421,2.55243723e+12,0.267,25524.3723,0
1763251277.3245,BTCUSDT,Sell,0.003,95596.80,MinusTick,8f838162-14e4-512d-abfd-a614594a72d4,2.8679040000000004e+10,0.003,286.79040000000003,0
1763251277.7758,BTCUSDT,Buy,0.002,95596.90,PlusTick,9172aa3c-22de-59c1-9822-9766ded6aab0,1.911938e+10,0.002,191.19379999999998,0
1763251279.3355,BTCUSDT,Buy,0.019,95596.90,ZeroPlusTick,9a611eae-1447-52ed-af43-23f1e4726bc2,1.8163411e+11,0.019,1816.3410999999999,0
1763251280.7579,BTCUSDT,Buy,0.006,95596.90,ZeroPlusTick,e5f59a63-c520-5ab6-ae5c-5396c2ed58b4,5.735814e+10,0.006,573.5814,0
1763251280.8679,BTCUSDT,Sell,0.188,95596.80,MinusTick,a407cde0-619d-55f4-a732-2520fae9b031,1.79721984e+12,0.188,17972.1984,0
1763251280.8679,BTCUSDT,Sell,0.012,95596.80,ZeroMinusTick,1e6827b5-c432-5c03-aaec-a7ec56cc89e8,1.1471616000000002e+11,0.012,1147.1616000000001,0
1763251280.8679,BTCUSDT,Sell,0.098,95596.80,ZeroMinusTick,e2772439-0946-5de9-91dd-345010b68900,9.3684864e+11,0.098,9368.4864,0
1763251280.8679,BTCUSDT,Sell,0.227,95596.80,ZeroMinusTick,4edf644f-97f0-5b14-9784-705ad7925a4e,2.17004736e+12,0.227,21700.4736,0
1763251280.8679,BTCUSDT,Sell,0.005,95596.80,ZeroMinusTick,8045ff4a-cc93-588c-934f-a265a1433c0e,4.77984e+10,0.005,477.98400000000004,0
1763251280.8679,BTCUSDT,Sell,0.004,95596.80,ZeroMinusTick,00087754-259d-5d9a-9ff7-17df0dec5bf3,3.823872e+10,0.004,382.3872,0
1763251280.8679,BTCUSDT,Sell,0.001,95596.80,ZeroMinusTick,b844625a-21b1-5e17-bb29-20a0302d3ac7,9.55968e+09,0.001,95.5968,0
1763251280.8679,BTCUSDT,Sell,0.1,95596.80,ZeroMinusTick,9ac2a1ce-dc36-5dc9-acfa-a247ccddbbc4,9.55968e+11,0.1,9559.68,0
1763251280.8679,BTCUSDT,Sell,0.01,95596.80,ZeroMinusTick,70eb5f69-c8cb-5a42-acfc-7531d714ccc2,9.55968e+10,0.01,955.9680000000001,0
1763251280.8679,BTCUSDT,Sell,0.001,95596.80,ZeroMinusTick,2126a60b-94ba-5021-9fc2-a338e61ff869,9.55968e+09,0.001,95.5968,0
1763251280.8679,BTCUSDT,Sell,0.001,95596.80,ZeroMinusTick,0777b126-cf7e-58fd-9a04-a6d3ba367bcf,9.55968e+09,0.001,95.5968,0
1763251280.8679,BTCUSDT,Sell,0.035,95596.80,ZeroMinusTick,7af594e9-ab8a-5ed8-9469-30e5bf0da725,3.3458880000000006e+11,0.035,3345.8880000000004,0
1763251281.9584,BTCUSDT,Buy,0.125,95596.90,PlusTick,db109532-863c-57b5-9c7d-9c058695f429,1.19496125e+12,0.125,11949.6125,0
1763251282.5543,BTCUSDT,Sell,0.003,95596.80,MinusTick,d8691934-ae26-5809-b2de-18a89c15a36a,2.8679040000000004e+10,0.003,286.79040000000003,0
1763251283.4486,BTCUSDT,Buy,0.006,95596.90,PlusTick,65f4d9d2-7842-5382-8f49-72d83276c415,5.735814e+10,0.006,573.5814,0
1763251283.5912,BTCUSDT,Buy,0.013,95596.90,ZeroPlusTick,9fc5f6c7-4e2a-505e-a3bb-0efa18c83b91,1.2427596999999998e+11,0.013,1242.7596999999998,0
1763251285.5937,BTCUSDT,Sell,0.002,95596.80,MinusTick,090bb38a-b17c-5b9c-b5ac-819ac885f893,1.911936e+10,0.002,191.1936,0
1763251285.7929,BTCUSDT,Buy,0.005,95596.90,PlusTick,c31560a7-f299-5ef0-8e71-f6d074a76367,4.779845e+10,0.005,477.98449999999997,0
1763251285.8098,BTCUSDT,Sell,0.002,95596.80,MinusTick,c49028b7-8544-5b57-9113-b2f4e8a0c5fa,1.911936e+10,0.002,191.1936,0
1763251286.879,BTCUSDT,Buy,0.011,95596.90,PlusTick,1aaea371-4182-5dc2-94b9-ce9ba8dd8e1f,1.0515658999999998e+11,0.011,1051.5658999999998,0
1763251287.0005,BTCUSDT,Sell,0.02,95596.80,MinusTick,1837bb82-fe37-598f-9f57-9a3e922e0cbc,1.911936e+11,0.02,1911.9360000000001,0
1763251287.0005,BTCUSDT,Sell,0.003,95596.80,ZeroMinusTick,06619e7c-9bb7-5b17-8b09-4719de9bc8c1,2.8679040000000004e+10,0.003,286.79040000000003,0
1763251287.0005,BTCUSDT,Sell,0.001,95596.80,ZeroMinusTick,a262445f-af91-5b11-b359-f4a6658482c5,9.55968e+09,0.001,95.5968,0
1763251287.0005,BTCUSDT,Sell,0.196,95596.80,ZeroMinusTick,706637dc-25ef-506c-933c-a24b1f9924f2,1.87369728e+12,0.196,18736.9728,0
1763251287.9537,BTCUSDT,Buy,0.02,95596.90,PlusTick,b3344304-501d-569e-b3d9-555eca930ef8,1.911938e+11,0.02,1911.9379999999999,0
1763251288.6978,BTCUSDT,Sell,0.008,95596.80,MinusTick,bd8af358-7c21-5ead-bbb9-7748010f7c31,7.647744e+10,0.008,764.7744,0
1763251288.7223,BTCUSDT,Buy,0.1,95596.90,PlusTick,f5c1d5bc-01ff-5acd-beb2-b7a3416444cd,9.55969e+11,0.1,9559.69,0
1763251289.7316,BTCUSDT,Buy,0.04,95596.90,ZeroPlusTick,9c8176b3-695a-50d5-8146-b3f4faeb2817,3.823876e+11,0.04,3823.8759999999997,0
1763251289.8321,BTCUSDT,Sell,0.002,95596.80,MinusTick,4cf17dd7-8d27-523f-9396-2fdd420fc1ca,1.911936e+10,0.002,191.1936,0
1763251290.3077,BTCUSDT,Buy,0.001,95596.90,PlusTick,e4c62ac7-2115-5209-9c49-b5af8335631a,9.55969e+09,0.001,95.59689999999999,0
1763251290.7529,BTCUSDT,Buy,0.001,95596.90,ZeroPlusTick,8e743051-3b50-5748-91c9-503fb6bb803b,9.55969e+09,0.001,95.59689999999999,0
1763251291.0906,BTCUSDT,Buy,0.001,95596.90,ZeroPlusTick,b72355f9-ab18-54dd-b6fd-95bf98afe235,9.55969e+09,0.001,95.59689999999999,0
1763251291.9485,BTCUSDT,Sell,0.004,95596.80,MinusTick,6427e5de-db97-5201-9884-b135468ca790,3.823872e+10,0.004,382.3872,0
1763251292.5978,BTCUSDT,Sell,0.034,95596.80,ZeroMinusTick,41ed4288-a347-5405-a324-455c1d8cc3ad,3.2502912e+11,0.034,3250.2912,0
1763251292.5978,BTCUSDT,Sell,0.113,95596.80,ZeroMinusTick,14badb24-3d42-55aa-9107-48999fc2eb40,1.0802438400000001e+12,0.113,10802.438400000001,0
1763251292.5978,BTCUSDT,Sell,0.072,95596.80,ZeroMinusTick,79dae62f-1418-5192-baa8-7c3db6343fc2,6.8829696e+11,0.072,6882.969599999999,0
1763251292.7678,BTCUSDT,Buy,0.125,95596.90,PlusTick,eadb5db8-7865-585e-a126-3bc15b7dcbcd,1.19496125e+12,0.125,11949.6125,0
1763251293.3209,BTCUSDT,Sell,0.001,95596.80,MinusTick,d48b3bb5-10c1-5b08-9ba4-a31f2a44ddd6,9.55968e+09,0.001,95.5968,0
1763251293.3209,BTCUSDT,Sell,0.001,95596.80,ZeroMinusTick,7dae774b-63a1-58be-a001-a7bac2fd004f,9.55968e+09,0.001,95.5968,0
1763251294.457,BTCUSDT,Buy,0.005,95596.90,PlusTick,c4fcb7aa-b776-57c5-8d6b-598eab4956e4,4.779845e+10,0.005,477.98449999999997,0
1763251294.457,BTCUSDT,Buy,0.275,95596.90,ZeroPlusTick,1cd00b27-7190-5fc8-bcfb-2690bcbca7cc,2.62891475e+12,0.275,26289.1475,0
1763251294.4574,BTCUSDT,Buy,0.09,95596.90,ZeroPlusTick,885416d6-0b9e-5f7f-b5ee-9a1cd921ae69,8.603721e+11,0.09,8603.721,0
1763251294.4576,BTCUSDT,Buy,0.282,95596.90,ZeroPlusTick,35b9ccf3-8c7a-53b5-b433-5c53cd6b8ce9,2.6958325799999995e+12,0.282,26958.325799999995,0
1763251294.4576,BTCUSDT,Buy,0.115,95596.90,ZeroPlusTick,98bff845-68ab-516e-a14f-a9f5825f7868,1.09936435e+12,0.115,10993.6435,0
1763251294.4577,BTCUSDT,Buy,0.044,95596.90,ZeroPlusTick,1959d77c-a569-5ae3-9bc6-41463ee7f0d7,4.2062635999999994e+11,0.044,4206.263599999999,0
1763251294.4583,BTCUSDT,Buy,0.079,95596.90,ZeroPlusTick,37451827-c930-5791-be96-fc9b505706e4,7.5521551e+11,0.079,7552.1551,0
1763251294.4583,BTCUSDT,Buy,0.115,95596.90,ZeroPlusTick,19cbb0ed-7fcc-53f2-adef-99d605df1040,1.09936435e+12,0.115,10993.6435,0
1763251294.4583,BTCUSDT,Buy,0.001,95596.90,ZeroPlusTick,799ad12b-998d-52ba-bf68-c083d7fab594,9.55969e+09,0.001,95.59689999999999,0
1763251294.4583,BTCUSDT,Buy,0.001,95596.90,ZeroPlusTick,a9485ce7-6b57-5280-a2e5-4081ae7f791a,9.55969e+09,0.001,95.59689999999999,0
1763251294.4583,BTCUSDT,Buy,0.001,95596.90,ZeroPlusTick,f08903ef-4fd4-5784-af1e-5f616cf5d8e1,9.55969e+09,0.001,95.59689999999999,0
1763251294.4583,BTCUSDT,Buy,0.001,95596.90,ZeroPlusTick,f0d6fa5e-456c-530b-b9eb-ff74b28de3fb,9.55969e+09,0.001,95.59689999999999,0
1763251294.4583,BTCUSDT,Buy,0.15,95596.90,ZeroPlusTick,158bf9e2-8c0a-5b31-84d9-2c522d8ed132,1.4339534999999998e+12,0.15,14339.534999999998,0
1763251294.4583,BTCUSDT,Buy,0.031,95596.90,ZeroPlusTick,53c1c09b-fee2-5f24-895f-0e379a716eea,2.9635039e+11,0.031,2963.5038999999997,0
1763251294.4585,BTCUSDT,Buy,0.002,95596.90,ZeroPlusTick,9538fd8b-3d12-5a6d-919f-bede9829f54a,1.911938e+10,0.002,191.19379999999998,0
1763251294.4585,BTCUSDT,Buy,0.131,95596.90,ZeroPlusTick,2e4f243b-4e92-56a0-9398-71495a6c1120,1.25231939e+12,0.131,12523.1939,0
1763251294.4586,BTCUSDT,Buy,0.009,95596.90,ZeroPlusTick,56183009-c635-51f1-aaa3-dbd1fa981b35,8.603721e+10,0.009,860.3720999999999,0
1763251294.4586,BTCUSDT,Buy,0.027,95596.90,ZeroPlusTick,7f2e6a1b-d117-5a6f-b816-fb8697213d1c,2.5811162999999997e+11,0.027,2581.1162999999997,0
1763251294.4591,BTCUSDT,Buy,0.001,95596.90,ZeroPlusTick,6839e6ed-f25b-52dc-8574-6750433db9d4,9.55969e+09,0.001,95.59689999999999,0
1763251294.4592,BTCUSDT,Buy,0.007,95596.90,ZeroPlusTick,271b97cc-658e-5028-ac6d-5ec9cf231b53,6.691782999999999e+10,0.007,669.1782999999999,0
1763251294.4592,BTCUSDT,Buy,0.001,95596.90,ZeroPlusTick,a3fc7da4-c79e-5a25-8150-76d9f51a0823,9.55969e+09,0.001,95.59689999999999,0
1763251294.4592,BTCUSDT,Buy,0.104,95596.90,ZeroPlusTick,319db8d7-7d84-5d57-9fe7-e9c031b3843a,9.942077599999999e+11,0.104,9942.077599999999,0
1763251294.4595,BTCUSDT,Buy,0.001,95597.40,PlusTick,2d215626-e294-5c35-bdeb-373c9f911a71,9.55974e+09,0.001,95.5974,0
1763251294.4623,BTCUSDT,Buy,0.001,95598.20,PlusTick,7cad873c-116c-5e83-b0f1-6fad66e3d71f,9.55982e+09,0.001,95.5982,0
1763251294.4624,BTCUSDT,Buy,0.003,95598.20,ZeroPlusTick,d2ebd28d-44f2-5469-b731-369c06130e41,2.867946e+10,0.003,286.7946,0
1763251294.4626,BTCUSDT,Buy,0.002,95598.60,PlusTick,7ba393d8-87bd-5a8b-8420-dace01a60022,1.911972e+10,0.002,191.1972,0
1763251294.4626,BTCUSDT,Buy,0.001,95598.80,PlusTick,727af88b-2648-52d1-910c-726d366c53a5,9.559880000000002e+09,0.001,95.59880000000001,0
1763251294.4635,BTCUSDT,Buy,0.001,95599.30,PlusTick,a857fa3a-e810-5043-8f55-b71488d2e0da,9.55993e+09,0.001,95.5993,0
1763251294.4635,BTCUSDT,Buy,0.001,95599.40,PlusTick,8467b977-6a34-5cad-8a33-6db5f33842a2,9.55994e+09,0.001,95.5994,0
1763251294.4635,BTCUSDT,Buy,0.01,95599.40,ZeroPlusTick,e6728060-311e-589f-a09b-232a90de989c,9.559939999999998e+10,0.01,955.9939999999999,0
1763251294.4635,BTCUSDT,Buy,0.001,95599.80,PlusTick,2c21dc07-16ee-5b03-a118-6f8e9e79f4c2,9.55998e+09,0.001,95.5998,0
1763251294.4635,BTCUSDT,Buy,0.001,95600.00,PlusTick,a607e5fa-feda-52c3-997f-b5105a9ab18f,9.56e+09,0.001,95.60000000000001,0
1763251294.4635,BTCUSDT,Buy,0.001,95600.00,ZeroPlusTick,9bd0a599-a1db-5473-a384-a6e1b6ce9a7f,9.56e+09,0.001,95.60000000000001,0
1763251294.4635,BTCUSDT,Buy,0.02,95600.00,ZeroPlusTick,68aac341-e67e-5182-a0aa-23a9ce850bb1,1.912e+11,0.02,1912,0
1763251294.4635,BTCUSDT,Buy,0.01,95600.00,ZeroPlusTick,ac64593c-606f-5269-92a3-486ccc0b6b70,9.56e+10,0.01,956,0
1763251294.4635,BTCUSDT,Buy,0.001,95600.00,ZeroPlusTick,c166ae52-fbb2-5596-a851-ee1265000b98,9.56e+09,0.001,95.60000000000001,0
1763251294.4635,BTCUSDT,Buy,0.024,95600.00,ZeroPlusTick,51307aea-4658-5829-ad5b-229a2f131963,2.2944e+11,0.024,2294.4,0
1763251294.4635,BTCUSDT,Buy,0.001,95600.00,ZeroPlusTick,1eec8f86-ccc8-5298-b0f0-2106aea3bedf,9.56e+09,0.001,95.60000000000001,0
1763251294.4635,BTCUSDT,Buy,0.002,95600.20,PlusTick,8b10983d-7be1-50bb-b2af-1e4341ff09d4,1.912004e+10,0.002,191.2004,0
1763251294.4635,BTCUSDT,Buy,0.001,95601.40,PlusTick,0535b35e-d669-5475-8cfe-6c9d25ecb13f,9.56014e+09,0.001,95.6014,0
1763251294.4635,BTCUSDT,Buy,0.016,95601.80,PlusTick,798f18ef-918a-5ce5-b644-d970a37d8c65,1.5296288000000003e+11,0.016,1529.6288000000002,0
1763251294.466,BTCUSDT,Buy,0.001,95603.10,PlusTick,0283ea95-063f-513b-99bf-d51322d7b2bc,9.560310000000002e+09,0.001,95.60310000000001,0
1763251294.466,BTCUSDT,Buy,0.001,95603.20,PlusTick,8321fad1-87f7-59c5-86bf-0457cde9933b,9.56032e+09,0.001,95.6032,0
1763251294.466,BTCUSDT,Buy,0.001,95603.20,ZeroPlusTick,ade8b771-1bef-5aed-a87e-e683bcfcf5e9,9.56032e+09,0.001,95.6032,0
1763251294.466,BTCUSDT,Buy,0.001,95603.40,PlusTick,758ab25a-c3cd-5161-a3f6-9cc58443f321,9.56034e+09,0.001,95.6034,0
1763251294.466,BTCUSDT,Buy,0.001,95603.70,PlusTick,477ab26d-8544-5019-b132-462f004f75d7,9.56037e+09,0.001,95.6037,0
1763251294.4747,BTCUSDT,Sell,0.002,95603.90,PlusTick,fa05a3f5-7f7c-5ffd-be8f-f07e28d76768,1.912078e+10,0.002,191.2078,0
1763251294.7388,BTCUSDT,Sell,0.001,95603.90,ZeroPlusTick,8f700c25-204d-5210-90b0-45f30cc68615,9.56039e+09,0.001,95.6039,0
1763251294.7596,BTCUSDT,Sell,0.001,95603.90,ZeroPlusTick,b1005868-a7b6-5586-b43e-8fc46d02eb2b,9.56039e+09,0.001,95.6039,0
1763251295.7777,BTCUSDT,Sell,0.001,95603.90,ZeroPlusTick,0c649824-0dd6-53fd-a9e6-bab47311c45c,9.56039e+09,0.001,95.6039,0
1763251295.7777,BTCUSDT,Sell,0.006,95603.90,ZeroPlusTick,03af9150-0cbb-5174-bc07-199ac624171a,5.736233999999999e+10,0.006,573.6234,0
1763251297.6466,BTCUSDT,Sell,0.001,95603.90,ZeroPlusTick,e3106765-7fbe-572f-8ab2-94f4165402ad,9.56039e+09,0.001,95.6039,0
1763251298.3453,BTCUSDT,Buy,0.006,95604.00,PlusTick,c98f7ca5-e1d1-53ed-a30c-e285e02373cd,5.73624e+10,0.006,573.624,0
1763251298.7266,BTCUSDT,Sell,0.013,95603.90,MinusTick,df5575c7-78bc-57e4-a720-ee00158fb79f,1.2428507e+11,0.013,1242.8507,0
1763251299.4365,BTCUSDT,Buy,0.001,95604.00,PlusTick,09b61f9a-bc30-5e6a-9744-287f31af0526,9.5604e+09,0.001,95.604,0
1763251300.285,BTCUSDT,Buy,0.003,95604.00,ZeroPlusTick,6454f71c-e81c-56ac-b9c5-16e8915e5061,2.86812e+10,0.003,286.812,0
1763251301.1506,BTCUSDT,Buy,0.018,95604.00,ZeroPlusTick,aed1db8e-2072-51b9-a21a-ef9dd8e4b91b,1.7208719999999997e+11,0.018,1720.8719999999998,0
1763251302.1808,BTCUSDT,Sell,0.005,95603.90,MinusTick,e3f7c66d-e227-5bb9-8f86-851b3f6770a7,4.780195e+10,0.005,478.0195,0
1763251302.8509,BTCUSDT,Buy,0.001,95604.00,PlusTick,46e30431-969c-5ab0-b91b-836aa1acc7da,9.5604e+09,0.001,95.604,0
1763251303.6096,BTCUSDT,Buy,0.001,95604.00,ZeroPlusTick,a6ea7642-f641-53a6-8d5e-d8ef0161d155,9.5604e+09,0.001,95.604,0
1763251303.7294,BTCUSDT,Buy,0.007,95604.00,ZeroPlusTick,eba1bba8-9488-5aef-b12b-dbb5151fff77,6.692280000000001e+10,0.007,669.2280000000001,0
1763251303.9113,BTCUSDT,Buy,0.001,95604.00,ZeroPlusTick,eef5643c-f7f1-581d-89de-3fef8265bf4f,9.5604e+09,0.001,95.604,0
1763251305.1725,BTCUSDT,Sell,0.086,95603.90,MinusTick,530a0db7-f429-5269-a49d-ffa4be0a8760,8.221935399999999e+11,0.086,8221.935399999998,0
1763251305.1725,BTCUSDT,Sell,0.001,95603.90,ZeroMinusTick,530dd6e2-c306-50b8-b9ef-1fae0f7a6a73,9.56039e+09,0.001,95.6039,0
1763251305.1725,BTCUSDT,Sell,0.001,95603.90,ZeroMinusTick,3166bfc6-0f64-562b-97cd-2adff66ba77b,9.56039e+09,0.001,95.6039,0
1763251305.1725,BTCUSDT,Sell,0.001,95603.90,ZeroMinusTick,3c597650-d56b-540c-a2ed-dc482683fdb4,9.56039e+09,0.001,95.6039,0
1763251305.1725,BTCUSDT,Sell,0.003,95603.90,ZeroMinusTick,7b9259c7-dd4f-5cb8-a83a-087b44ea1824,2.8681169999999996e+10,0.003,286.8117,0
1763251305.6259,BTCUSDT,Sell,0.032,95603.90,ZeroMinusTick,6d3c0b30-902b-5586-a9d4-33d45f861b7b,3.0593248e+11,0.032,3059.3248,0
1763251305.6259,BTCUSDT,Sell,0.007,95603.90,ZeroMinusTick,37fc5f5a-7121-5d3d-b0a7-d95e096406d2,6.692273e+10,0.007,669.2273,0
1763251305.6259,BTCUSDT,Sell,0.115,95603.90,ZeroMinusTick,6e7060d1-528b-5064-ad57-827157a332fa,1.09944485e+12,0.115,10994.4485,0
1763251305.6259,BTCUSDT,Sell,0.01,95603.90,ZeroMinusTick,c300a9f0-66a1-5785-90c1-7d91294e1006,9.56039e+10,0.01,956.039,0
1763251305.6259,BTCUSDT,Sell,0.005,95603.90,ZeroMinusTick,6a66553b-9fcf-5931-8da4-48b8919c79f9,4.780195e+10,0.005,478.0195,0
1763251305.6259,BTCUSDT,Sell,0.875,95603.90,ZeroMinusTick,811348a4-6875-59e2-8d18-86fb3d22d7ea,8.365341249999999e+12,0.875,83653.41249999999,0
1763251305.6259,BTCUSDT,Sell,0.457,95603.90,ZeroMinusTick,1701a480-3191-542d-a5eb-b113b71bed42,4.3690982299999995e+12,0.457,43690.982299999996,0
1763251305.626,BTCUSDT,Sell,0.397,95603.90,ZeroMinusTick,21ef173d-eac6-54a6-aabf-3c84a5899dbb,3.79547483e+12,0.397,37954.7483,0
1763251305.6263,BTCUSDT,Sell,0.131,95603.90,ZeroMinusTick,ff2f9058-4b41-512c-9fa9-ff00505d1665,1.25241109e+12,0.131,12524.1109,0
1763251305.6265,BTCUSDT,Sell,0.65,95603.90,ZeroMinusTick,455b3ee3-ead4-5467-bae6-65d777d03ee4,6.2142535e+12,0.65,62142.534999999996,0
1763251305.6268,BTCUSDT,Sell,0.267,95603.90,ZeroMinusTick,b2b46d8a-8bd0-5dc4-b4f1-fd61f444e97b,2.55262413e+12,0.267,25526.2413,0
1763251305.6269,BTCUSDT,Sell,0.46,95603.90,ZeroMinusTick,1a822430-1a6f-5ef3-a0d5-b6b0f1bd5dfb,4.3977794e+12,0.46,43977.794,0
1763251305.6269,BTCUSDT,Sell,0.005,95603.90,ZeroMinusTick,cba52f7a-9054-523b-88db-0f6f6dd2ba93,4.780195e+10,0.005,478.0195,0
1763251305.6269,BTCUSDT,Sell,0.01,95603.90,ZeroMinusTick,ce5456aa-94cd-5ade-9ce3-e016b2d5331f,9.56039e+10,0.01,956.039,0
1763251305.6269,BTCUSDT,Sell,0.222,95603.90,ZeroMinusTick,d588eb9a-0b94-51d5-9a66-f186499885be,2.12240658e+12,0.222,21224.0658,0
1763251305.6292,BTCUSDT,Sell,0.362,95603.90,ZeroMinusTick,d008e7d1-d8a1-52ee-a259-2804cdc8c16a,3.46086118e+12,0.362,34608.6118,0
1763251305.6295,BTCUSDT,Sell,0.11,95603.90,ZeroMinusTick,91803d74-4d42-5b84-9594-1967e3d19429,1.0516429e+12,0.11,10516.429,0
1763251305.6296,BTCUSDT,Sell,0.026,95603.90,ZeroMinusTick,f2787dca-3197-52ea-8336-5f9a39e52623,2.4857014e+11,0.026,2485.7014,0
1763251305.6297,BTCUSDT,Sell,1.023,95603.90,ZeroMinusTick,67c51976-f8cd-5b12-98ce-05ac37588ebe,9.780278969999998e+12,1.023,97802.78969999998,0
1763251305.6297,BTCUSDT,Sell,0.008,95603.90,ZeroMinusTick,20b3e009-5893-57f0-8171-acd81ef154ce,7.648312e+10,0.008,764.8312,0
1763251305.6297,BTCUSDT,Sell,0.01,95603.90,ZeroMinusTick,d5422f7b-cd73-5ded-bb8a-a2f8cc588db4,9.56039e+10,0.01,956.039,0
1763251305.6297,BTCUSDT,Sell,0.104,95603.90,ZeroMinusTick,b5725997-d877-50b8-b714-3ada5102acdc,9.9428056e+11,0.104,9942.8056,0
1763251305.6298,BTCUSDT,Sell,0.469,95603.90,ZeroMinusTick,bb3b56fe-a108-5e56-84f5-98ea594e0a37,4.48382291e+12,0.469,44838.2291,0
1763251305.6298,BTCUSDT,Sell,0.005,95603.90,ZeroMinusTick,ae3ad182-498b-54a7-9111-77659b300633,4.780195e+10,0.005,478.0195,0
1763251305.6298,BTCUSDT,Sell,0.045,95603.90,ZeroMinusTick,eb1c8f1e-a502-5ca2-8439-8ca2519a877f,4.3021754999999994e+11,0.045,4302.175499999999,0
1763251305.6298,BTCUSDT,Sell,0.064,95603.90,ZeroMinusTick,55079e61-4270-5d6b-bb1f-3007c32d6d47,6.1186496e+11,0.064,6118.6496,0
1763251305.6299,BTCUSDT,Sell,0.011,95603.90,ZeroMinusTick,e37629a1-aaa3-575b-9d99-c83f5f6c3e54,1.0516428999999998e+11,0.011,1051.6428999999998,0
1763251305.6299,BTCUSDT,Sell,0.01,95603.90,ZeroMinusTick,d093081a-ba6b-5267-a814-0796066a5835,9.56039e+10,0.01,956.039,0
1763251305.6299,BTCUSDT,Sell,0.018,95603.90,ZeroMinusTick,b04583f4-02ec-5a5b-baff-5ca879daa2b8,1.7208701999999997e+11,0.018,1720.8701999999998,0
1763251305.63,BTCUSDT,Sell,0.062,95603.90,ZeroMinusTick,882f8511-6af3-5703-af92-7be43d7460e8,5.9274418e+11,0.062,5927.4418,0
1763251305.63,BTCUSDT,Sell,0.029,95603.90,ZeroMinusTick,5cdbf3c6-332e-5fcb-bf8b-69166107cac0,2.7725131e+11,0.029,2772.5131,0
1763251305.63,BTCUSDT,Sell,0.006,95603.90,ZeroMinusTick,f9c3e502-1e98-5ad3-a7f6-f8c308ef4780,5.736233999999999e+10,0.006,573.6234,0
1763251305.63,BTCUSDT,Sell,0.035,95603.90,ZeroMinusTick,1596c142-ddcb-5b44-8142-654623410f1e,3.3461365e+11,0.035,3346.1365,0
1763251305.63,BTCUSDT,Sell,0.014,95603.90,ZeroMinusTick,f37197fe-3803-51e7-bfbc-bf721e73405d,1.3384546e+11,0.014,1338.4546,0
1763251305.6301,BTCUSDT,Sell,0.005,95603.90,ZeroMinusTick,2d8e65a8-45a3-5fa1-849e-c760d1aac23d,4.780195e+10,0.005,478.0195,0
1763251305.6301,BTCUSDT,Sell,0.002,95603.90,ZeroMinusTick,f4d31c6e-d0f7-5e17-b5a4-cb180dbdc3ee,1.912078e+10,0.002,191.2078,0
1763251305.6301,BTCUSDT,Sell,0.005,95603.90,ZeroMinusTick,f414dd06-437e-5468-a23f-517010322896,4.780195e+10,0.005,478.0195,0
1763251305.6301,BTCUSDT,Sell,0.003,95603.90,ZeroMinusTick,baa98792-7222-5abc-bcd7-deb1152454c4,2.8681169999999996e+10,0.003,286.8117,0
1763251305.6301,BTCUSDT,Sell,0.019,95603.90,ZeroMinusTick,c5ecac59-a236-5fad-965b-4e55652ae302,1.8164741e+11,0.019,1816.4741,0
1763251305.6302,BTCUSDT,Sell,0.013,95603.90,ZeroMinusTick,06ef3469-815c-50f4-8a80-3fffe6609115,1.2428507e+11,0.013,1242.8507,0
1763251305.6302,BTCUSDT,Sell,0.025,95603.90,ZeroMinusTick,4b82246e-9934-53a9-a225-20f3e72a8f18,2.3900975e+11,0.025,2390.0975,0
1763251305.6302,BTCUSDT,Sell,0.007,95603.90,ZeroMinusTick,b81907ee-c013-5eb6-b6fb-4454d60d186e,6.692273e+10,0.007,669.2273,0
1763251305.6303,BTCUSDT,Sell,0.005,95603.90,ZeroMinusTick,4507b50b-29b7-5a0f-9686-31530637bf54,4.780195e+10,0.005,478.0195,0
1763251305.6303,BTCUSDT,Sell,0.068,95603.90,ZeroMinusTick,6b41fc17-87e4-5d83-9504-c6653958049b,6.5010652e+11,0.068,6501.0652,0
1763251305.6304,BTCUSDT,Sell,0.008,95603.90,ZeroMinusTick,bf319294-f8f6-5389-9d37-3996b9eedd4e,7.648312e+10,0.008,764.8312,0
1763251305.6304,BTCUSDT,Sell,0.002,95603.90,ZeroMinusTick,84506a0b-d2bc-525e-a1c8-ab2a0bbb0519,1.912078e+10,0.002,191.2078,0
1763251305.6304,BTCUSDT,Sell,0.005,95603.90,ZeroMinusTick,d11406f2-c78a-5c14-a510-2f2426150f43,4.780195e+10,0.005,478.0195,0
1763251305.6304,BTCUSDT,Sell,0.002,95603.90,ZeroMinusTick,e7de8117-6129-5fcc-abeb-8a069642a81c,1.912078e+10,0.002,191.2078,0
1763251305.6304,BTCUSDT,Sell,0.003,95603.90,ZeroMinusTick,380e4f96-d052-5e7e-bc05-2b5ce5c6d065,2.8681169999999996e+10,0.003,286.8117,0
1763251305.6304,BTCUSDT,Sell,0.002,95603.90,ZeroMinusTick,192a81f4-4291-5e61-b869-65edefd61c8a,1.912078e+10,0.002,191.2078,0
1763251305.6304,BTCUSDT,Sell,0.002,95603.90,ZeroMinusTick,44ecf8f0-7fac-5db6-8ab0-fb030a0d21d9,1.912078e+10,0.002,191.2078,0
1763251305.6306,BTCUSDT,Sell,0.001,95603.90,ZeroMinusTick,4fac2026-5b3e-5560-89e5-4f2ac185da4d,9.56039e+09,0.001,95.6039,0
1763251305.6306,BTCUSDT,Sell,0.001,95603.90,ZeroMinusTick,8676dd9c-6653-5af7-a496-075878ef4e3e,9.56039e+09,0.001,95.6039,0
1763251305.6306,BTCUSDT,Sell,0.004,95603.90,ZeroMinusTick,9cf6ff17-55a1-57cc-a9d2-e8e0a3d0f322,3.824156e+10,0.004,382.4156,0
1763251305.6307,BTCUSDT,Sell,0.005,95603.50,MinusTick,efc9f4d3-55d0-5937-abdb-bb3b6b8bf94f,4.780175e+10,0.005,478.0175,0
1763251305.6315,BTCUSDT,Sell,0.001,95602.60,MinusTick,648cab7e-5a2a-5285-83bf-71fd1d201ae0,9.560260000000002e+09,0.001,95.60260000000001,0
1763251305.6315,BTCUSDT,Sell,0.02,95602.60,ZeroMinusTick,42755d08-134e-5a2b-b488-b3b6f27c5a2f,1.912052e+11,0.02,1912.0520000000001,0
1763251305.6325,BTCUSDT,Sell,0.022,95602.60,ZeroMinusTick,573d5316-84e9-5a48-bd16-e510623d74f9,2.1032572e+11,0.022,2103.2572,0
1763251305.6329,BTCUSDT,Sell,0.003,95602.60,ZeroMinusTick,b2cd9bef-5b2d-5ea4-9802-f18287f9d869,2.8680780000000004e+10,0.003,286.80780000000004,0
1763251305.6339,BTCUSDT,Sell,0.02,95602.60,ZeroMinusTick,08c075dd-f6ea-5185-b648-1912df3baae8,1.912052e+11,0.02,1912.0520000000001,0
1763251305.6339,BTCUSDT,Sell,0.016,95602.60,ZeroMinusTick,21a42ce2-29e7-58d4-8f98-e120c8c9c881,1.5296416000000003e+11,0.016,1529.6416000000002,0
1763251305.6339,BTCUSDT,Sell,0.003,95602.60,ZeroMinusTick,69bade3a-f855-5d57-90a2-d13e5a98adfb,2.8680780000000004e+10,0.003,286.80780000000004,0
1763251305.6339,BTCUSDT,Sell,0.039,95602.60,ZeroMinusTick,1e5b4854-8f63-5acd-86c3-f04b22aa1510,3.7285014e+11,0.039,3728.5014,0
1763251305.6339,BTCUSDT,Sell,0.055,95602.60,ZeroMinusTick,6b1acb39-b7b8-590c-a020-9f0ffdde5611,5.258143e+11,0.055,5258.143,0
1763251305.6347,BTCUSDT,Sell,0.124,95602.60,ZeroMinusTick,ccfbbf3e-62b2-5568-9076-960151b15648,1.18547224e+12,0.124,11854.7224,0
1763251305.6394,BTCUSDT,Sell,0.002,95600.80,MinusTick,5b632633-1490-52f5-9190-b6f447d22134,1.912016e+10,0.002,191.2016,0
1763251305.6394,BTCUSDT,Sell,0.001,95600.10,MinusTick,345f6dcc-b64a-5755-9047-62a80699a8fb,9.560010000000002e+09,0.001,95.60010000000001,0
1763251305.6394,BTCUSDT,Sell,0.001,95600.00,MinusTick,aab8b003-7954-57bc-ac9f-2011d7d289a4,9.56e+09,0.001,95.60000000000001,0
1763251305.6394,BTCUSDT,Sell,0.001,95600.00,ZeroMinusTick,09242bbe-8b58-51d7-8ddf-09e474761b19,9.56e+09,0.001,95.60000000000001,0
1763251305.6394,BTCUSDT,Sell,0.001,95599.90,MinusTick,317649cd-f6e3-5471-99e5-70dce667bea9,9.55999e+09,0.001,95.59989999999999,0
1763251305.6597,BTCUSDT,Sell,0.102,95599.70,MinusTick,c3e52276-e64b-5011-8d45-544f43d6e1d6,9.751169399999999e+11,0.102,9751.169399999999,0
1763251305.6597,BTCUSDT,Sell,0.192,95599.70,ZeroMinusTick,719b8bcd-5c85-52ab-8bbc-d7cce52db16b,1.83551424e+12,0.192,18355.1424,0
1763251305.6597,BTCUSDT,Sell,0.001,95599.70,ZeroMinusTick,604e4b14-92da-59a4-b463-015dc80f0ed0,9.55997e+09,0.001,95.5997,0
1763251305.667,BTCUSDT,Sell,0.001,95598.00,MinusTick,317a9dfa-5728-5155-8e32-0ea6e767ef09,9.5598e+09,0.001,95.598,0
1763251305.667,BTCUSDT,Sell,0.001,95598.00,ZeroMinusTick,0c48d8bc-7e1f-55e8-9481-8496dbe0bfaa,9.5598e+09,0.001,95.598,0
1763251305.6934,BTCUSDT,Sell,0.005,95596.80,MinusTick,ea1562d0-f1df-50b4-848f-a76bccdf6854,4.77984e+10,0.005,477.98400000000004,0
1763251305.6934,BTCUSDT,Sell,0.026,95596.80,ZeroMinusTick,f107efca-c864-5f80-894e-f00ee066f649,2.4855168e+11,0.026,2485.5168,0
1763251305.6934,BTCUSDT,Sell,0.001,95596.80,ZeroMinusTick,67203897-441b-5c58-848b-e7826c12b674,9.55968e+09,0.001,95.5968,0
1763251305.6934,BTCUSDT,Sell,0.001,95596.80,ZeroMinusTick,6748d6f9-4841-5322-91e5-4dd78f3b7b25,9.55968e+09,0.001,95.5968,0
1763251305.6934,BTCUSDT,Sell,0.218,95596.80,ZeroMinusTick,0515328c-7ec5-5503-ac8c-edd34ac89a7c,2.08401024e+12,0.218,20840.1024,0
1763251305.6934,BTCUSDT,Sell,0.063,95596.80,ZeroMinusTick,5cc37e79-8fcf-5629-83f1-9801b0a277f4,6.0225984e+11,0.063,6022.5984,0
1763251305.8477,BTCUSDT,Buy,0.007,95596.90,PlusTick,09aa5b55-e672-5f88-bbd5-a84fa8ac06e7,6.691782999999999e+10,0.007,669.1782999999999,0
1763251305.9584,BTCUSDT,Sell,0.057,95596.80,MinusTick,f52cd9dc-f525-54b7-9fa3-e01430acc1d9,5.4490176e+11,0.057,5449.0176,0
1763251305.9584,BTCUSDT,Sell,0.001,95596.80,ZeroMinusTick,0b17652f-db9b-503f-8bed-27e457695679,9.55968e+09,0.001,95.5968,0
1763251305.9584,BTCUSDT,Sell,0.001,95596.80,ZeroMinusTick,3c2c5503-9a3f-5dba-9358-2563fd6b50da,9.55968e+09,0.001,95.5968,0
1763251305.9584,BTCUSDT,Sell,0.001,95596.80,ZeroMinusTick,de653f4e-96b7-5dd3-bb45-26688677c888,9.55968e+09,0.001,95.5968,0
1763251305.9584,BTCUSDT,Sell,0.016,95596.80,ZeroMinusTick,087391b0-622f-5159-955c-050e5abe2c53,1.5295488e+11,0.016,1529.5488,0
1763251305.9767,BTCUSDT,Sell,0.045,95595.60,MinusTick,e7b62944-eaca-51d2-87e8-2077c7f9f625,4.3018019999999994e+11,0.045,4301.802,0
1763251305.9767,BTCUSDT,Sell,0.001,95595.60,ZeroMinusTick,bb5b19a2-48f7-5336-ac51-73c135cfadf9,9.55956e+09,0.001,95.5956,0
1763251305.9767,BTCUSDT,Sell,0.001,95595.60,ZeroMinusTick,14d8340d-67e1-5f55-931e-7d4715292be2,9.55956e+09,0.001,95.5956,0
1763251305.9767,BTCUSDT,Sell,0.001,95595.50,MinusTick,b09883d5-17a8-5fcd-bc39-a97c6a2b4fdd,9.55955e+09,0.001,95.5955,0
1763251305.9767,BTCUSDT,Sell,0.025,95595.50,ZeroMinusTick,86cc89d9-97db-518f-8a13-7ff6d17279fd,2.3898875000000003e+11,0.025,2389.8875000000003,0
1763251305.9767,BTCUSDT,Sell,0.002,95595.10,MinusTick,7e81ee12-2604-542a-8ce4-18824372a0bb,1.911902e+10,0.002,191.1902,0
1763251305.9767,BTCUSDT,Sell,0.001,95595.00,MinusTick,54d74124-186b-52be-b528-5b922686e66c,9.5595e+09,0.001,95.595,0
1763251305.9827,BTCUSDT,Sell,0.219,95594.30,MinusTick,84ee21b5-eae9-5596-9759-5731435122cb,2.0935151700000002e+12,0.219,20935.151700000002,0
1763251305.9827,BTCUSDT,Sell,0.082,95594.30,ZeroMinusTick,4b25de7b-8660-5e77-86ca-76cfa84cc503,7.8387326e+11,0.082,7838.7326,0
1763251305.9827,BTCUSDT,Sell,0.001,95594.30,ZeroMinusTick,72701a0f-88d6-5b43-b911-95a77abbc0ee,9.55943e+09,0.001,95.5943,0
1763251305.9827,BTCUSDT,Sell,0.002,95594.10,MinusTick,9c9940d2-5b1c-5ca4-a419-878598fbbe89,1.9118820000000004e+10,0.002,191.18820000000002,0
1763251305.9838,BTCUSDT,Sell,0.016,95593.80,MinusTick,def75360-494f-5d61-901c-9bc56cb50c38,1.5295008e+11,0.016,1529.5008,0
1763251305.9953,BTCUSDT,Sell,0.001,95593.20,MinusTick,5754ba3c-f78a-50bc-a185-1a03641720c9,9.55932e+09,0.001,95.5932,0
1763251305.9953,BTCUSDT,Sell,0.016,95592.90,MinusTick,7f36b63e-88a9-5456-82d0-97bf1fb204b7,1.5294864e+11,0.016,1529.4864,0
1763251305.9953,BTCUSDT,Sell,0.002,95592.20,MinusTick,365982ea-f02e-545b-bc03-5313d14532b4,1.911844e+10,0.002,191.1844,0
1763251306.0003,BTCUSDT,Sell,0.001,95591.70,MinusTick,2b95e356-7c2f-5611-91ee-328cdce0ad0c,9.55917e+09,0.001,95.5917,0
1763251306.0003,BTCUSDT,Sell,0.001,95591.70,ZeroMinusTick,12fcab0d-5a60-5893-98e1-cb5ff9b0c393,9.55917e+09,0.001,95.5917,0
1763251306.0003,BTCUSDT,Sell,0.002,95591.30,MinusTick,1429fc8c-86e2-53f1-aa08-fbd3c4521cc0,1.911826e+10,0.002,191.1826,0
1763251306.0003,BTCUSDT,Sell,0.002,95590.30,MinusTick,eec3b05a-fb94-58fb-a753-75c9d20cb389,1.911806e+10,0.002,191.1806,0
1763251306.4952,BTCUSDT,Buy,0.002,95590.30,ZeroMinusTick,d815345b-58e4-516f-bf15-302ea9a96d01,1.911806e+10,0.002,191.1806,0
1763251306.4952,BTCUSDT,Buy,0.03,95590.30,ZeroMinusTick,47201638-494c-56f4-81c5-6612049d3686,2.867709e+11,0.03,2867.709,0
1763251306.9057,BTCUSDT,Sell,0.001,95590.20,MinusTick,e5db7abb-fcd4-5de6-b511-1ee15b2dcb80,9.55902e+09,0.001,95.5902,0
1763251306.9057,BTCUSDT,Sell,0.001,95590.20,ZeroMinusTick,81f3fc3c-a61d-5dc8-9051-98f8ff31506b,9.55902e+09,0.001,95.5902,0
1763251306.9057,BTCUSDT,Sell,0.001,95590.20,ZeroMinusTick,d9bb3c40-5493-5804-bf66-f9393b583dff,9.55902e+09,0.001,95.5902,0
1763251306.9057,BTCUSDT,Sell,0.012,95590.20,ZeroMinusTick,a40454ce-c1c3-5266-aa7b-83cfc4468604,1.1470824e+11,0.012,1147.0824,0
1763251306.9175,BTCUSDT,Sell,0.001,95590.00,MinusTick,d02fb4f7-e05d-5400-9e7d-4d97b8fdd0b8,9.559e+09,0.001,95.59,0
1763251306.9175,BTCUSDT,Sell,0.001,95590.00,ZeroMinusTick,04e6b054-1781-58dc-aba3-64b4e5628f57,9.559e+09,0.001,95.59,0
1763251306.9175,BTCUSDT,Sell,0.002,95589.40,MinusTick,8fe7ff0a-cf51-51b3-9617-f40ac081178f,1.911788e+10,0.002,191.1788,0
